3034 4916
215 277 233 304 ”
261 315 336 388 uso
420 309 630 383 nnnrsnni
645 312 699 379 ur
717 309 851 381 corni
864 308 1199 380 comunimus

309 478 368 534 tiam
383 493 432 549 pro
449 493 499 549 ops
514 477 568 534 lats
583 474 710 530 nhlurua
728 472 889 541 Tsimistea,
905 473 1002 544 templo
1018 471 1047 528 in
1060 489 1111 547 quo
1128 471 1151 526 is
1173 471 1289 527 bannim
1305 481 1363 529 erat

260 495 405 613 ffieltructm
429 547 497 601 aliud
514 545 717 615 magnificentius
733 550 888 598 usuuctum
905 543 1016 614 praediis
1032 544 1129 613 amplos
1147 542 1301 596 habentibus
1319 561 1363 598 ra-

262 615 330 670 ditus
345 616 481 678 ditaverit,
498 621 526 670 et
541 616 643 679 urbem,
660 613 824 666 llaehaueiee
840 629 978 684 suppresso
996 609 1106 682 nornine,
1121 611 1258 665 vocaverit
1272 612 1364 665 Then-

262 683 413 752 doropolim.
447 683 533 740 subdit
555 683 702 746 cedrenus,
728 699 763 735 ex
786 698 836 753 qno
852 682 915 735 baec
930 681 1095 753 depromptas
1122 697 1185 734 sanc
1203 681 1243 734 his
1260 697 1363 750 semper

263 754 406 826 auspicibus
431 760 510 824 atquc
534 752 708 821 antesignanis
731 750 866 805 adversum
882 752 969 804 hostes
986 749 1024 804 uti
1041 749 1140 803 solebat
1153 749 1293 820 inperator
1309 751 1364 803 bic.

260 838 315 878 nen
328 829 438 876 temerat
457 823 526 876 visus
544 821 608 874 enim
627 820 760 874 manifesto
777 826 876 888 martyr
892 836 966 890 opem
982 821 1061 885 ferre,
1077 817 1183 871 hostiles
1199 835 1293 870 niueos
1304 825 1363 872 tur-

262 891 340 956 bare,
366 898 393 944 et
416 890 631 961 praeclarissimas
649 890 737 942 ducem
754 907 783 942 ss
799 893 933 961 praestaro
950 887 1082 943 victoriae.
1116 887 1219 940 ultimus
1237 887 1364 940 Theodo-

262 977 309 1014 rus
325 959 405 1026 nlius,
430 961 481 1013 tiro
498 961 592 1023 dictus,
619 976 669 1012 non
685 956 753 1027 qnod
771 973 895 1010 armorum
912 956 1029 1010 tirocinio
1046 955 1205 1020 erudiretur,
1229 955 1275 1010 sed
1292 957 1364 1026 quod

264 1030 293 1082 in'
314 1030 418 1082 cohorte
439 1029 549 1084 tironum
573 1027 641 1082 dicta
663 1033 800 1099 provectus
820 1025 933 1080 centurio
956 1031 1152 1096 promereretur.
1186 1025 1365 1080 Damasocnus

140 1148 148 1170 ,
264 1099 447 1152 subdiaconuso
474 1088 544 1166 ἦτον
559 1095 608 1152 uul
625 1091 709 1157 αὐτὸς
725 1093 790 1160 ἕνας
808 1093 848 1158 elo
864 1090 896 1150 τὰ
914 1091 1004 1164 τάγμα
1020 1089 1094 1150 ὅπου
1112 1089 1289 1162 ὥνομιίζετον
1308 1091 1364 1148 Tri·

261 1184 365 1237 ρωνις,
382 1162 457 1222 ὥσοὶν
473 1163 510 1222 sol
528 1163 608 1238 ιίιιῇς
624 1159 833 1236 ἑκατόνταρχος.
868 1162 906 1218 its
923 1165 1005 1217 dctus
1017 1171 1108 1234 auctor
1118 1163 1219 1232 vulgari
1229 1163 1361 1222 idiomate.

268 1256 272 1264 ¹
330 1292 358 1353 p.
367 1269 409 1337 48
423 1292 449 1334 v.
458 1270 486 1336 4.
503 1272 573 1331 illud
586 1267 752 1355 Θεοδώροον
762 1276 807 1330 est
819 1270 965 1348 utriusque
973 1255 1117 1344 Theodori
1129 1271 1271 1350 martyris,
1283 1271 1364 1330 ducis

265 1364 296 1419 ei
309 1360 415 1419 tironis.
457 1358 558 1438 prioris
568 1359 671 1418 festum
686 1363 776 1434 agunt
790 1356 920 1422 Graeci8
934 1355 1022 1433 Iunii,
1043 1356 1207 1436 posterioris
1226 1357 1266 1420 17
1279 1353 1365 1416 Febr.

266 1449 297 1504 et
316 1445 346 1503 iu
364 1444 439 1504 huno
459 1445 578 1503 tironem
595 1448 689 1503 exstat
708 1443 739 1502 S.
764 1441 893 1519 Gregorii
915 1439 1039 1519 Nysseni
1058 1440 1244 1522 pulcherrima
1263 1443 1364 1502 oratio.

335 1559 401 1614 idid.
448 1552 587 1626 Γεῶργιον
612 1551 750 1680 ἔφιπιιαῆνιέ
776 1554 931 1610 notissimum
953 1554 1012 1608 clim
1036 1554 1149 1623 ducem,
1173 1555 1271 1610 sanctis
1297 1573 1366 1610 nunc

266 1627 378 1682 tolerato
402 1625 525 1696 martyrio
548 1627 688 1694 Georgium
747 1632 828 1678 ectum
852 1625 962 1695 equitem
984 1641 1084 1710 semper
1116 1624 1223 1694 pingunt
1251 1625 1365 1688 Gracci3

267 1695 337 1765 qnod
357 1696 459 1767 saepius
483 1693 517 1748 sit
539 1693 609 1748 visus
633 1688 811 1766 ααβαλλιίρης
833 1691 873 1757 εἰς
896 1688 999 1762 ἄλογον
1023 1708 1133 1761 ασνιοσν
1151 1700 1177 1746 et
1194 1691 1367 1763 accensione

266 1761 454 1836 ιιαβαλλιίριος
470 1759 509 1825 εἰς
526 1758 629 1833 ἄλογον
649 1759 767 1832 ἄστρον.
804 1765 972 1816 Damascenns
990 1761 1083 1816 citatus
1105 1763 1130 1815 in
1152 1762 1297 1818 Thesauro.
1333 1764 1366 1818 da

268 1835 389 1956 georgio·
401 1842 429 1958 pt
442 1828 583 1958 gbaodoro
602 1833 874 1890 mensurnorum
892 1830 1084 1888 auxiliatoribus
1109 1831 1217 1888 Nicetes
1239 1833 1368 1888 Marcella

292 1919 424 1958 omnent..
460 1941 468 1958 .
799 1928 802 1936 ¹

335 2004 370 2057 ib.
388 2021 415 2058 v.
433 2004 460 2059 5.
477 2005 674 2075 διακοπεῖσα]
701 2023 757 2060 cum
780 2003 871 2075 aquilis
892 2005 919 2058 in
940 2003 1021 2060 aciem
1043 2003 1111 2057 inter
1132 2002 1230 2057 vexilla
1243 2002 1292 2056 lati
1307 2005 1369 2057 suni

267 2071 346 2128 atium
364 2073 500 2139 dracones,
518 2074 626 2128 maxime
642 2075 744 2129 labante
758 2074 874 2145 imperio.
907 2073 984 2126 dccet
998 2073 1166 2144 Dempsterus
1183 2072 1216 2126 nd
1234 2073 1307 2128 Rom.
1319 2089 1368 2126 an-

267 2139 316 2210 tiq.
333 2142 437 2194 calcem.
472 2142 610 2212 dequibus
634 2143 728 2198 Scidas
752 2161 778 2197 v.
803 2147 917 2214 σημαῖαι
946 2138 966 2196 dl
1011 2139 1121 2209 έροοσιν
1140 2138 1172 2196 ἐν
1192 2142 1233 2210 τῷ
1256 2137 1369 2215 πολέμῳ

266 2205 420 2278 οφιὶσματοὶ
437 2205 489 2266 εἰσι
508 2211 586 2282 βαφῇ
602 2207 816 2282 πεποικιλμένα,
842 2207 863 2267 di
891 2208 931 2274 air
953 2161 1033 2266 iiiia
1047 2207 1164 2280 coitione
1181 2205 1369 2279 ianuarino-

163 2320 172 2333 .
267 2295 346 2348 σται,
372 2277 422 2333 aul
437 2274 621 2351 οἷπῃώρηνται
637 2283 744 2336 ιιοντιόν
763 2276 932 2352 συμμέτρων.
966 2281 1136 2403 ἀοιοιὲἓεοτιι
1151 2279 1223 2350 prius
1240 2279 1371 2334 Marcelli

231 2367 241 2396 ι
267 2363 317 2401 nus
333 2348 350 2406 l.
369 2350 418 2402 162
434 2351 573 2418 purpureis
587 2351 634 2403 sub
650 2351 808 2422 tegminibus
826 2352 889 2405 terti
907 2351 1035 2404 circumdo
1081 2367 1095 2404 e
1114 2351 1253 2414 dracones,
1275 2350 1371 2402 hostu-

267 2434 327 2471 rum
346 2418 435 2472 curus
452 2422 626 2488 gemmataque
642 2421 834 2475 summitatibus
849 2421 969 2490 illigati,
985 2421 1062 2473 biutu
1079 2426 1153 2472 uasto
1166 2419 1319 2488 perflatiles,
1342 2425 1370 2472 et

267 2488 341 2542 uelut
354 2487 398 2540 iru
415 2490 509 2558 perciti
524 2489 673 2560 sibilantes,
694 2491 1025 2560 cuudcruanueccluminu
1034 2489 1204 2558 relinquuntur
1215 2489 1243 2541 iu
1254 2495 1369 2543 curtum.

354 2590 409 2654 His
424 2594 609 2675 imperatoriis
633 2595 751 2654 flamrssis
776 2613 827 2655 seu
846 2594 951 2654 vexillis
963 2598 1080 2674 propter
1100 2594 1298 2671 cognatione·
1316 2613 1370 2652 no-

137 2677 140 2690 '
243 2678 353 2744 ,minis
374 2680 448 2739 adde
468 2680 597 2742 vexillum
619 2681 651 2740 S.
671 2679 815 2760 Dionysii,
842 2680 948 2740 Gallice
977 2679 1113 2758 onflnnbe
1138 2679 1260 2758 dictum,
1290 2678 1370 2756 quod

270 2781 354 2842 reges
380 2763 489 2825 Galliae
516 2785 624 2826 summa
654 2766 788 2844 religione
810 2785 905 2824 secum
929 2766 960 2823 in
985 2765 1176 2841 expeditiones
1202 2765 1370 2824 educebant.

272 2850 309 2908 de
337 2862 396 2925 quo
421 2851 486 2909 vide
510 2857 593 2927 gesta
622 2847 759 2910 Ludovici
785 2851 956 2910 Francorum
976 2851 1051 2926 regis
1077 2847 1372 2927 fol.138‚14¹i,et

270 2931 430 3012 Rigordum
446 2935 483 2994 de
503 2937 592 3014 gestis
609 2934 732 3017 Philippi
752 2934 876 3013 Augusti
897 2936 971 3014 regia
990 2934 1038 2993 fol.
1062 2935 1122 3000 186
1142 2936 1186 2993 cd
1203 2934 1324 2996 Pithoei.

356 3031 424 3094 Non
453 3055 569 3116 possum
591 3036 730 3097 hocloco
758 3037 860 3096 tacitus
878 3035 1031 3117 praeterire
1049 3033 1202 3116 Nicephori
1226 3036 1372 3114 Gregorae

270 3117 289 3178 l
309 3121 331 3182 7
349 3119 493 3181 sinistrum
514 3128 544 3180 et
559 3114 697 3182 abiectum
720 3123 852 3182 iudicium
870 3124 908 3182 de
925 3121 1129 3183 marchionibus
1144 3119 1273 3201 Latinio,
1299 3140 1372 3199 qnos

270 3203 312 3264 ait
332 3223 385 3264 uon
404 3225 458 3266 esse
480 3208 567 3267 claros
585 3207 658 3287 opud
677 3207 804 3282 Lntiuos,
833 3207 879 3267 sed
905 3227 963 3268 eum
988 3207 1134 3284 dignitati
1153 3207 1373 3284 gradnntuno

271 3307 346 3368 quun
360 3291 433 3368 opud
451 3292 585 3355 Romanos
605 3291 801 3375 (cpolitanos)
823 3299 892 3352 tenet
912 3289 1002 3371 dorin
1018 3288 1177 3372 βασιλικήν
1192 3292 1326 3372 σημαίαν
1339 3291 1373 3355 ἐν

270 3371 468 3455 στρατεύμασι
488 3377 637 3459 κατέχων,
662 3385 692 3438 et
712 3378 865 3438 marchioni
882 3377 1121 3457 perpetuo'munus
1137 3378 1192 3440 ,doc
1213 3379 1374 3438 atiriduiuna

269 3479 324 3518 esse
339 3466 371 3518 nt
390 3481 457 3520 novo
473 3467 628 3543 imperatori
650 3466 779 3524 ouillum
801 3464 948 3542 praeferat.
990 3461 1095 3522 scilicet
1111 3463 1234 3524 marchio
1251 3463 1373 3522 Montis-

268 3545 384 3624 ferrari,
412 3545 551 3627 Muciae,
580 3549 825 3627 Brandeburgicns
846 3555 876 3608 et
901 3547 1003 3607 similes
1023 3550 1099 3627 apud
1118 3546 1238 3608 Latinos
1260 3549 1373 3608 maioris

269 3630 417 3708 dignitatis
436 3652 494 3692 non
516 3641 597 3694 erant
619 3653 704 3710 quam
719 3635 906 3712 lampadarius
920 3639 970 3693 aut
983 3635 1067 3709 isqui
1081 3633 1211 3692 divelium
1225 3640 1276 3692 aut
1293 3637 1375 3694 fiam·

269 3716 346 3774 mula
367 3717 547 3796 imperatoria
567 3721 646 3798 apud
663 3720 788 3780 Graecos
808 3720 971 3798 imperatori
989 3718 1206 3798 praeportnbat3
1227 3738 1281 3778 nec
1300 3738 1374 3778 mar·

269 3799 383 3861 chionea
411 3822 479 3884 seu,
510 3810 544 3864 ut
572 3805 673 3864 Graeci
697 3805 857 3884 appellant,
887 3807 1009 3864 οισιοιιίι·
1026 3823 1130 3863 nomen
1150 3804 1205 3863 hoc
1226 3804 1375 3864 habenta

269 3887 368 3946 uexillo
383 3906 434 3950 seu
456 3890 560 3963 bando,
589 3889 642 3949 sed
663 3910 681 3950 a
701 3889 834 3948 limitibus
855 3889 977 3948 tuendis.
1020 3889 1111 3949 murel
1128 3891 1203 3948 enim
1224 3888 1374 3950 Germanis

269 3969 349 4030 limes
370 3979 422 4033 est.
464 3993 530 4034 narn
548 3975 650 4034 finibus
668 3975 852 4034 defendendis
882 3975 1017 4055 praefecti
1044 3980 1141 4052 eraut,
1170 3975 1220 4052 qni
1240 3975 1374 4054 temporis

166 4073 189 4131 p
205 4073 258 4132 221
275 4075 428 4134 progressu
443 4061 481 4118 ad
500 4060 684 4138 amplissimas
699 4079 768 4138 opes
782 4061 990 4136 latissimusque
1002 4060 1175 4138 principatus
1188 4064 1373 4118 emerserunt:

275 4141 366 4214 qualis
385 4145 503 4204 enimet
524 4163 610 4221 qnam
626 4150 728 4224 potens
751 4147 875 4206 marchio
895 4145 1140 4224 Brandeburgicus
1150 4186 1160 4222 ‚
1182 4145 1305 4204 marchio
1319 4145 1374 4202 Ba-

273 4223 387 4305 densis,
404 4230 528 4289 marchio
546 4225 774 4310 Onspaohensis,
793 4231 916 4291 marchio
932 4231 1091 4310 Moraviee,
1111 4230 1235 4291 marchio
1254 4230 1374 4307 Burgci·

273 4329 324 4370 cus
340 4316 371 4372 et
393 4311 461 4376 aiiii
500 4316 563 4396 ipse
589 4317 676 4380 etiam
702 4315 818 4380 Niara
847 4317 1003 4380 Choniates
1029 4316 1089 4383 tt
1117 4316 1155 4376 de
1181 4316 1265 4376 rebus
1286 4314 1374 4394 gestis
