3016 4906
293 319 372 394 368
450 317 658 390 GRETSERI
672 319 729 388 ET
747 311 880 388 Gonni
893 319 1228 388 COMMENTARIUS

292 485 460 568 topedarcba.
481 483 660 546 Andrnm'cus
677 484 855 562 Palaeologur
871 485 1007 565 Apacauci
1023 505 1102 564 gener
1114 489 1193 546 αίίανι
1207 489 1264 566 ipse
1276 505 1387 564 magnus

289 571 507 652 stratcpedarcbu
530 571 707 650 designatur,
732 572 854 632 Gabalas
877 571 1090 650 pratasebastus,
1117 575 1206 631 etita
1224 571 1278 632 alii
1296 593 1387 648 omnes,

289 676 377 718 smnus
390 656 532 735 suffragiis
552 657 584 716 de
599 656 696 734 quitus
711 676 792 738 supra
810 657 936 720 dicimus.
954 656 1114 737 patriarcba
1128 660 1192 736 quia
1204 657 1319 733 gradum
1326 678 1388 735 per-

290 749 393 802 mutare
413 763 463 801 nen
483 747 602 820 poterat,
625 741 718 800 babitu
741 761 768 801 se
780 743 959 816 augustiorem
968 741 1055 820 fecit,
1072 748 1098 800 et
1112 744 1142 801 in
1154 743 1388 819 subscriptionibus

290 827 375 886 colore
394 827 513 887 caeruleo
524 829 572 888 'ert
595 845 679 899 urur,·
694 828 899 906 flammeumque
913 847 959 886 seu
973 833 1073 906 tegmen
1087 830 1198 906 capitis,
1221 827 1292 907 quod
1311 835 1387 887 antm

288 913 477 992 patriarchas,
510 914 536 972 si
558 910 591 972 de
615 911 748 970 monacbis
767 931 819 970 non
836 917 927 986 essent,
956 913 1045 972 album
1060 912 1136 991 serre
1154 931 1209 972 mos
1229 919 1308 989 erat,
1335 917 1387 991 ipre

288 1017 356 1057 auro
377 997 544 1072 illustrauit,
567 999 710 1056 sauciaris
729 999 814 1056 nostri
838 1003 864 1056 et
884 997 1005 1064 illibatae
1030 1000 1086 1058 eius
1109 1001 1248 1074 genitricis
1266 997 1388 1074 deiparae
1488 1014 1489 1076 j

292 1103 325 1142 ac
338 1080 450 1142 loannis
467 1082 599 1161 baptistae
613 1082 723 1160 depictis
737 1085 766 1140 in
776 1101 805 1140 eo
818 1083 942 1142 iconibus.
964 1082 1177 1142 Cantacuzenus
1191 1083 1212 1146 3
1227 1085 1277 1145 36.
1300 1083 1341 1140 ita
1352 1084 1386 1141 ad

292 1167 476 1228 ambitionem
488 1167 642 1246 tegendam
654 1172 820 1246 argiumenta
832 1167 945 1247 pietatis
959 1168 1094 1248 imagines
1108 1167 1213 1228 assumi
1224 1166 1387 1227 debuerunt

377 1283 559 1344 Ambitiosior
573 1285 665 1344 adhuc
680 1283 829 1363 Bulgariae
844 1286 1084 1366 archiepiscopus,
1108 1286 1156 1363 qui
1170 1291 1246 1346 teste
1264 1285 1386 1362 Georgia

293 1367 458 1448 Logotheta
471 1371 501 1428 in
511 1371 651 1429 Chronico
665 1367 698 1434 rb
709 1367 865 1450 βασιλικόν
878 1372 1052 1453 περιτίθησι
1068 1375 1166 1452 σχῆμα
1181 1369 1234 1433 καί
1249 1366 1388 1452 διάδημα,

297 1453 339 1527 είς
359 1454 488 1532 ἔφασνεν
510 1449 678 1535 αὐτόνομος
696 1452 740 1516 νίν
754 1456 806 1518 nub
828 1457 935 1536 μηδενί
956 1450 1092 1530 ενίθιίνας
1114 1449 1247 1532 α’φείίων
1266 1455 1387 1532 διδόναι,

296 1537 350 1602 nab
370 1535 421 1600 clici
445 1541 534 1601 raico
554 1538 630 1617 ἔχειν
648 1539 787 1615 ἐξουσίαν
802 1540 925 1622 βασιλέα
943 1541 1070 1620 στέφειν.
1094 1542 1159 1601 vide
1176 1540 1317 1601 novellam
1331 1545 1386 1606 131
1488 1573 1489 1576 ¹

296 1622 444 1683 Iustiniani
455 1625 639 1704 imperatoris.

338 1765 341 1770 -
379 1724 454 1784 Cum
476 1723 596 1784 Ioarmes
617 1725 831 1786 Cantacnzenus
850 1723 1041 1802 Didymotichi
1057 1727 1209 1806 imperator
1226 1727 1389 1803 initiaretur,

225 1836 228 1845 s
298 1809 418 1888 ipsemet
431 1811 520 1890 pn'mo
530 1819 624 1871 uestem
636 1815 830 1892 imperatoriam
843 1812 950 1888 induit,
974 1812 1067 1872 deinde
1083 1817 1114 1872 in
1130 1821 1268 1894 conspectu
1282 1816 1388 1871 omniun

293 1895 373 1974 pedes
391 1897 503 1975 crepidis
516 1900 656 1978 purpureis
669 1903 790 1967 exunat·
804 1916 915 1976 quarum
935 1897 1069 1962 dexteram
1082 1901 1109 1957 ei
1121 1904 1252 1976 sanguine
1262 1901 1387 1975 proximi,

296 1984 433 2042 sinistram
450 2001 484 2040 en
502 1983 672 2042 conducticiis
692 1981 804 2041 Latinis
825 1983 961 2042 nobilitate
988 1988 1014 2042 et
1032 1981 1166 2061 splendere
1186 1986 1292 2061 generis
1311 1986 1388 2062 primi

296 2066 434 2124 inducunt.
462 2067 620 2144 imperialem
638 2071 726 2126 autem
743 2071 843 2126 baram
862 2073 923 2127 ante
940 2069 1125 2127 immaculatae
1143 2073 1258 2146 uirginis
1274 2068 1320 2127 dei
1337 2089 1389 2128 rna·

295 2153 347 2207 tris
366 2150 509 2225 imaginem
529 2152 603 2210 burni
621 2153 735 2229 positam
757 2169 838 2210 marm
853 2171 903 2210 suu
925 2153 1089 2230 tollensipse
1107 2159 1257 2232 capitisue
1276 2157 1387 2232 imponit.

296 2233 451 2292 Cantacun.
471 2234 552 2298 327.
579 2235 627 2294 ubi
649 2235 768 2295 observa
785 2254 891 2295 morem
903 2238 1027 2316 ponendi
1040 2238 1117 2298 humi
1130 2258 1282 2316 coronam,
1306 2245 1337 2297 ut
1350 2239 1387 2295 in-

294 2319 421 2378 sinuetur
437 2317 593 2404 humilitas,
614 2327 644 2380 et
663 2327 731 2381 ante
749 2322 898 2400 imaginem
916 2321 1092 2404 briegium,
1114 2330 1148 2383 ut
1163 2327 1331 2384 ostendatur
1342 2325 1387 2382 im-

294 2405 432 2485 peratoris
446 2405 476 2464 in
488 2411 602 2467 sanctos
618 2408 717 2487 pietas.
952 2409 954 2414 ’

378 2502 485 2565 Iterum
507 2514 658 2567 coronatus
680 2514 725 2567 est
748 2509 823 2568 idem
838 2508 1053 2570 Cantacuzenus
1078 2506 1280 2590 Adrianopoli‚
1307 2512 1388 2588 prout

295 2588 414 2669 ipsemet
431 2591 475 2649 his
489 2593 580 2651 verbis
595 2595 710 2672 exponit
724 2593 745 2656 3
759 2596 815 2658 92:
839 2598 894 2654 iarn
913 2615 974 2654 uero
985 2596 1093 2673 placuit
1106 2600 1186 2656 ctiam
1207 2601 1388 2674 imperatorum

295 2693 366 2735 more
389 2679 524 2754 causari,
547 2679 755 2757 quandoquidem
774 2685 799 2737 et
813 2681 973 2758 patriarcba
988 2665 1225 2759 Hierosolymorum
1238 2687 1265 2741 et
1281 2680 1389 2758 episcopi

296 2759 439 2837 complures
464 2779 552 2821 coram
566 2763 691 2823 adessent.
734 2783 842 2842 cumque
857 2761 1008 2824 mundasset
1023 2766 1174 2844 artificibus
1188 2771 1219 2824 nt
1235 2768 1388 2824 coronamct

296 2843 362 2902 aliis
375 2849 407 2903 ut
427 2844 485 2903 alia
504 2847 541 2904 ad
556 2866 614 2906 earn
633 2849 807 2908 conlatorem
822 2854 1057 2928 metanomiampue
1071 2851 1269 2911 accommodata
1284 2851 1389 2928 cmflce·

297 2932 366 3000 rent,
377 2931 485 3006 paratis
499 2933 616 2990 omnibus
628 2953 647 2992 a
659 2933 770 2993 Ιιααιινν
775 2935 933 3011 patriarcba
944 2935 1196 3014 Hierosolymitano,
1211 2933 1388 3007 menscMar'o,

300 3011 407 3090 mando
423 3012 591 3074 Constantini
602 3021 698 3094 magni
709 3025 734 3076 et
750 3017 868 3078 Helenae
881 3023 975 3079 matris
991 3023 1063 3095 eius,
1091 3021 1218 3098 apostolis
1239 3039 1389 3098 comparan-

300 3097 403 3174 darum,
422 3101 546 3159 memoria
559 3100 663 3177 colitur,
677 3121 772 3160 corona
785 3104 914 3163 induitur.
948 3110 1153 3164 coronatuutern
1166 3108 1274 3184 etipse,
1291 3110 1323 3163 ut
1341 3123 1389 3162 mor

300 3184 422 3258 tussiat,
446 3180 539 3242 Irmen
554 3189 688 3262 coniugem
700 3205 792 3257 suamr
813 3192 948 3268 omniaque
960 3193 1044 3249 solitis
1054 3190 1167 3265 ritibus,
1187 3210 1267 3270 quam
1283 3192 1390 3248 marine

294 3267 362 3345 fleri
369 3271 471 3346 patuit,
489 3275 597 3346 peracta
608 3277 677 3330 surii.
704 3289 766 3330 nam
779 3277 804 3330 et
818 3281 945 3356 argentea
959 3281 1038 3354 atque
1047 3294 1129 3334 aurea
1141 3278 1303 3334 numismata
1316 3294 1389 3352 spar-

300 3351 448 3429 gebantur,
471 3357 593 3415 conuiuia
611 3357 813 3436 poculorumpue
824 3362 994 3418 invitationes
1009 3360 1046 3419 ad
1063 3361 1120 3419 dies
1134 3361 1265 3439 plurimos
1272 3358 1391 3438 frepun-
1489 3348 1490 3358 ¹

299 3436 438 3495 labantur.
480 3439 565 3497 tertio
586 3442 698 3500 demrun
711 3448 861 3503 coronatus
874 3449 919 3502 est
933 3446 1017 3524 cpoli
1033 3446 1063 3504 in
1080 3443 1243 3506 Blachernis
1264 3443 1405 3524 deiparae·

298 3521 415 3600 virginis
437 3523 561 3603 templo,
582 3533 668 3604 prout
681 3529 746 3606 'ipse
765 3529 827 3586 fuse
842 3530 958 3607 exponit
972 3528 992 3592 4
1006 3528 1034 3592 4.

382 3619 430 3680 Ad
457 3623 541 3684 finem
559 3625 645 3696 ¹huius
666 3629 766 3706 capitis
789 3631 825 3688 de
847 3623 1028 3690 coronatione
1047 3629 1224 3708 imperatoris
1245 3628 1339 3706 accipe
1361 3645 1391 3682 ex

296 3703 383 3767 Pelso
397 3705 536 3768 Damiano
551 3709 569 3768 l·
587 3716 601 3774 1
616 3731 660 3790 ep.
675 3716 713 3776 17
729 3714 805 3773 hunc
819 3733 924 3774 morem
938 3717 967 3772 in
980 3715 1161 3774 coronatione
1175 3713 1317 3772 observari
1330 3728 1392 3768 con-

297 3797 427 3873 suetam,
455 3812 539 3871 quem
559 3815 577 3854 a
597 3797 709 3858 Codino
726 3800 858 3859 omissum
871 3801 1003 3878 mirarer,
1023 3801 1077 3858 nisi
1088 3801 1186 3858 scirem
1200 3799 1226 3856 ei
1240 3818 1299 3858 non
1311 3798 1393 3855 luisse

297 3879 476 3956 propositum
508 3881 601 3941 omnia
629 3883 659 3942 in
684 3883 779 3943 literas
806 3886 917 3945 referre.
959 3886 1001 3944 ita
1026 3905 1095 3964 ergo
1127 3882 1298 3943 Damianus:
1323 3879 1395 3959 apud

192 3976 285 4034 9253
301 3964 416 4022 Graecos
437 3965 502 4024 baec
520 3970 603 4026 teneri
619 3971 775 4028 consuetudo
786 3971 952 4048 perbihetur,
981 3977 1012 4029 ut
1039 3989 1097 4030 cum
1122 3973 1265 4047 imperator
1290 3969 1350 4047 puis
1368 3968 1395 4022 in

302 4045 437 4122 dignitate
446 4055 568 4127 creatur,
589 4071 651 4112 man
664 4060 696 4112 ut
711 4056 893 4134 imperialibus
901 4056 991 4135 suerit
1007 4056 1104 4133 infulis
1117 4055 1271 4128 redimitus,
1291 4071 1396 4110 coronae

302 4131 383 4189 simul
403 4151 437 4191 ac
455 4140 554 4213 sceptri
572 4137 662 4214 gloria
679 4139 833 4215 decoratus,
856 4160 916 4200 cum
931 4142 1039 4219 denique
1049 4157 1184 4220 procerum
1195 4139 1317 4197 uebatur
1330 4136 1396 4194 obse-

304 4216 391 4293 quiis,
411 4235 469 4276 cum
483 4223 616 4301 excipitur
629 4225 823 4284 modulantibus
832 4213 1004 4304 psallentium
1016 4227 1120 4296 eboris,
1140 4223 1250 4304 quidam
1263 4225 1396 4300 sibiprae-

304 4303 346 4363 uo
361 4301 401 4378 fit
423 4301 534 4383 obrius,
567 4311 615 4388 qui
636 4310 756 4372 uidelicet
780 4331 835 4373 una
855 4330 935 4374 manu
955 4302 1093 4374 calculum
1108 4311 1216 4394 pbrrrnn
1241 4313 1396 4368 mutuemur
