3034 4916
269 327 345 405 ³18
429 327 636 400 GRETSERI
649 327 704 395 ΕΤ
718 325 852 396 coinl
868 321 1200 395 conmssmrtnrns

267 491 313 549 iisn
337 491 525 548 animadvertas
546 489 649 544 ioannis
681 486 806 557 evangeiii
835 487 934 540 textum
958 485 1103 539 universnm
1135 488 1235 558 septem
1259 485 1369 557 integris

267 562 466 618 hebdomadibus
483 561 551 630 legi,
567 576 635 629 quae
654 576 670 612 a
686 575 777 626 magna
792 556 903 626 paschae
916 555 1044 610 dominica
1060 555 1142 608 tribus
1160 556 1250 610 diebus
1270 575 1368 626 excep·

267 632 303 686 tis
328 636 506 694 numerentur,
531 628 657 682 Matthaei
681 627 746 681 feria
771 625 881 679 secunda
902 630 961 696 pest
984 625 1131 700 dpminicem
1149 632 1313 694 pentecostes
1330 626 1365 680 ed

267 702 463 770 subsequentem
480 714 635 770 parasceuen
653 695 815 750 exultationis
832 694 897 746 diem
914 695 1023 762 festum,
1048 693 1242 763 absolviturqne
1266 695 1367 748 bebdo-

265 769 381 824 madibus
397 774 495 840 septem
512 774 539 820 et
556 767 652 820 decem.
671 767 758 819 berum
775 762 889 816 undecim
906 763 1012 832 singulis
1029 762 1117 815 diebus
1136 763 1265 818 Matthaei
1274 763 1366 817 iectio-

267 855 325 892 nem
341 837 502 904 continuant,
520 853 536 890 a
551 835 699 888 duodecima
717 833 828 902 quinque
843 835 942 885 tantum
967 831 1058 884 diebus
1079 831 1162 884 Marci
1186 831 1264 903 lectio
1290 848 1365 886 esan-

267 906 358 974 mitur,
375 905 488 960 aabbatis
508 913 535 960 et
552 905 683 958 dominicis
699 901 823 956 Matthaei
839 900 915 954 lectio
933 901 1091 968 restituitur,
1115 915 1196 970 nsque
1215 901 1249 955 ad
1266 902 1365 956 hebdo-

267 975 365 1030 madem
389 974 510 1028 decimam
533 979 561 1028 et
584 973 730 1045 septimam,
758 969 892 1024 dummodo
922 970 989 1022 baec.
1011 977 1141 1040 postremo
1168 969 1237 1023 inter
1263 976 1365 1042 tempus

266 1042 596 1182 tttttttttttti
612 1038 1002 1182 tenebititis?
1018 1037 1178 1174 mittit
1196 1040 1365 1161 tieret:

265 1182 317 1236 bus
334 1181 466 1235 duodecim
483 1182 653 1235 continuetur.
675 1179 707 1232 ab
723 1177 796 1229 initio
816 1177 906 1229 tertiae
921 1145 1033 1229 decimae
1055 1175 1137 1230 Marci
1162 1177 1322 1246 percurritur
1338 1177 1365 1230 in

264 1249 371 1320 reliquis
388 1250 491 1316 diebus,
508 1251 553 1307 sed
570 1248 685 1303 sabbetis
699 1251 728 1300 et
744 1245 978 1308 dominicisiaucae
994 1243 1139 1320 assumitur.
1168 1246 1251 1299 Marci
1261 1245 1366 1299 tandem

266 1320 335 1372 inter
352 1319 476 1372 Matthaei
493 1325 521 1373 et
538 1319 623 1372 Lucae
639 1314 790 1377 absumiturr
807 1313 874 1383 quod
890 1331 954 1368 vero
972 1313 1118 1384 supererit,
1142 1314 1256 1370 sabbatis
1273 1323 1301 1370 et
1317 1315 1366 1372 do-

265 1386 365 1442 minicis
385 1381 595 1458 quadregesima'e
610 1385 761 1441 absolvitur.
780 1383 843 1435 haec
859 1381 931 1442 iile..

351 1495 380 1555 p.
394 1477 437 1539 70
449 1494 476 1534 v.
492 1480 539 1538 10.
569 1475 605 1532 de
623 1492 700 1532 more
716 1471 826 1531 lavandi
847 1472 952 1550 pedes,
972 1478 1032 1534 tam
1050 1472 1105 1534 hoc
1123 1471 1169 1532 die
1192 1490 1278 1548 qnam
1295 1470 1366 1548 aliis,

289 1561 414 1640 roprium
434 1558 598 1640 opusculum
616 1559 707 1636 edidi,
726 1557 803 1633 quod
823 1553 995 1618 Pedilavinm
1008 1559 1151 1639 inscripsi;
1173 1559 1217 1620 cui
1232 1558 1318 1616 etiam
1331 1575 1366 1616 ex

266 1581 440 1721 Enchologin
461 1643 632 1703 Graecorum
653 1643 773 1702 officium
791 1641 922 1722 peditent·
940 1644 1052 1704 inserui.
1093 1663 1146 1704 nec
1162 1643 1287 1704 Orientis
1302 1649 1366 1702 tun-

265 1736 330 1791 tum
349 1747 430 1808 reges
451 1734 482 1788 et
501 1731 684 1807 imperatores
703 1727 986 1807 hocdiepauperum
1001 1729 1249 1810 predestinatam,
1270 1729 1366 1787 sedet

266 1815 447 1892 Occidentis,
466 1820 500 1873 nt
513 1815 638 1895 pluribus
651 1813 785 1893 exemplis
800 1809 911 1871 ostendi
923 1813 954 1873 in
967 1815 1022 1872 iem
1036 1806 1111 1875 dicto
1126 1812 1270 1894 opusculo.

354 1913 426 1974 Post
459 1914 617 1974 absolutam
647 1915 837 1974 narrationem
878 1914 915 1972 de
954 1914 1061 1975 lotione
1096 1917 1200 1994 pedum
1238 1914 1365 1990 seqnitur

264 2001 299 2062 in
318 2001 441 2059 editiotm
460 1999 579 2058 Iuniana
599 1999 698 2078 titulus
723 2000 796 2076 iste,
826 1992 981 2079 ίνιτττήρ.
1023 2002 1075 2060 sed
1095 2000 1166 2060 vidit
1183 2001 1304 2078 ipsemet
1319 1999 1367 2058 In-

265 2085 331 2146 nins
351 2084 464 2143 titulum
483 2103 543 2142 mon
557 2102 609 2142 suo
629 2083 691 2144 loco
712 2085 835 2163 positum
858 2101 941 2162 τοτα,Ι
957 2091 987 2144 et
1007 2086 1032 2144 si
1051 2085 1227 2165 recipiendus
1244 2086 1293 2163 sit,
1313 2104 1366 2164 po-

197 2183 201 2192 '
265 2169 392 2230 nendum
412 2174 478 2228 ante
499 2161 667 2246 menerba,
695 2166 755 2251 πρό
780 2165 814 2234 di
833 2172 888 2250 τῆς
905 2171 1089 2254 λειτουργίας
1105 2177 1157 2233 etc.
1198 2189 1253 2230 nec
1272 2171 1304 2232 in
1325 2169 1365 2230 nl·

266 2259 330 2314 tero
349 2253 443 2314 codice
463 2252 721 2334 Boicn'comperct.
979 2262 984 2275 ‘

335 2352 409 2406 nin·
432 2351 550 2406 absoluta
574 2353 650 2408 missa
671 2350 826 2422 levipedium
848 2351 905 2405 fieri
923 2352 1049 2423 praecipit
1065 2350 1267 2422 menologium,
1298 2350 1364 2422 quod

267 2421 356 2495 populi
374 2421 546 2475 commoditati
562 2439 636 2492 qnam
654 2422 792 2492 mysterio,
814 2421 884 2492 qnod
900 2423 1023 2476 observet
1038 2421 1193 2492 imperator,
1208 2427 1262 2477 atat
1277 2421 1365 2478 acius.

337 2507 372 2561 ib.
389 2507 471 2560 v.12.
494 2501 653 2574 ὑττοαοίμισα
677 2511 773 2560 auctor*
792 2506 904 2578 explicat
926 2507 1061 2576 χιτῶνας,
1085 2507 1180 2562 Suides
1204 2501 1365 2576 ἐπενδύτας,

266 2567 393 2630 ἰσαίτατα
410 2570 520 2645 ἱμάτια,
538 2577 657 2640 σατιίοοιι
681 2575 770 2630 Simon
792 2575 897 2630 Portius
923 2591 979 2628 cum
999 2577 1078 2644 vulgo
1101 2571 1293 2646 τ’τττομτῶνας,
1309 2569 1364 2646 ἔχε’·

267 2659 376 2714 σαραα,
393 2636 563 2720 torquemus
577 2643 771 2714 χιτωνίσκους,
790 2660 840 2698 nno
857 2643 937 2698 verbo
955 2645 1094 2700 interulae.

352 2733 417 2792 ibid.
454 2732 660 2794 crntzobrnccia
681 2732 763 2792 ίτυτττ
796 2733 889 2808 boam,
916 2741 950 2792 ut
976 2727 1163 2808 πατοιίτζιον
1191 2735 1281 2814 colen,
1307 2734 1364 2795 τοί-

266 2837 337 2880 ceus.
353 2904 360 2918 ι
379 2818 510 2878 scribitur
529 2818 615 2878 etiem
635 2811 800 2899 τταττοιίτζη.
842 2817 941 2878 melior
956 2819 1053 2879 forsan
1066 2821 1206 2900 scriptura
1219 2831 1265 2880 est
1279 2827 1362 2882 carto-

268 2904 418 3065 mc'dd‘d‘va
430 2981 473 3035 14.
493 2982 574 3035 ποιεῖ
584 2976 742 3052 είίονητόν]
760 2999 777 3036 τι
793 2981 969 3037 benedictione
984 2984 1146 3055 auspicatur,
1165 2984 1268 3039 diceus:
1288 2977 1362 3040 adin·-

305 3067 352 3133 τοο
373 3044 390 3106 d
419 3045 489 3115 θεὸς
511 3047 590 3120 ἡμῶν
611 3050 746 3122 πάντοτε,
770 3052 822 3106 νῦν
843 3049 893 3106 καί
915 3048 961 3108 cici
982 3052 1034 3108 aeri
1050 3051 1090 3116 τίς
1105 3048 1172 3118 τους
1187 3051 1294 3119 αίοῖναα
1311 3055 1365 3108 ssia

269 3135 419 3308 ῗωίίζτ.
431 3185 474 3308 13.
497 3179 530 3272 τὲ
546 3181 700 3273 reincipiunt]
726 3205 743 3241 a
761 3187 935 3310 tger'repetita
944 3207 1017 3274 joce
1035 3185 1136 3262 ’Ἄμιοςι
1158 3186 1270 3262 dyocesi
1287 3186 1366 3258 dede,

267 3271 493 3378 amodbidivorodi'
507 3258 1130 3398 adsideopgycdfddiuddidnszdssgide'ildidfflprincipium
1156 3331 1183 3381 et
1205 3327 1265 3381 finis
1289 3332 1363 3382 eunte

268 3391 350 3448 τοίνυν
366 3394 437 3448 desae
451 3393 514 3463 poio
530 3395 617 3448 omnio
633 3395 705 3448 dedit
722 3396 746 3450 ci
761 3403 840 3465 poter
856 3402 906 3448 etc.
925 3401 952 3450 et
966 3415 1018 3450 ιιονι
1034 3399 1094 3450 estis
1109 3397 1202 3451 mendi
1217 3413 1313 3452 ornnes.

337 3493 366 3548 p:
377 3478 410 3532 71
423 3493 449 3530 v.
460 3477 486 3531 5.
503 3471 522 3544 ἡ
533 3479 584 3530 τοῦ
593 3480 727 3549 νιπτῆρας
737 3475 909 3549 ἀκολουθία]
921 3496 996 3549 qnam
1007 3481 1052 3551 qui
1063 3481 1219 3536 desiderabit
1230 3483 1364 3551 integrum,

150 3567 151 3572 ¹
266 3550 356 3600 nmtra
379 3545 570 3614 Euchoiogica‚
588 3546 611 3601 si
635 3555 780 3616 merentur,
803 3548 890 3602 adibit.
909 3545 1068 3604 ἀκολουθία
1092 3555 1177 3604 entem
1193 3553 1311 3620 officinm
1327 3557 1364 3604 ert

266 3617 401 3699 diuinum,
418 3614 489 3670 cuius
504 3625 594 3685 partes
612 3616 768 3670 adinvicem
784 3633 914 3670 connexae
932 3618 1022 3672 ordina
1032 3636 1062 3672 se
1073 3628 1277 3690 consequuntur,
1293 3617 1363 3692 quasi

266 3693 437 3820 “widin
456 3759 486 3820 6.
514 3753 585 3816 alter
610 3759 699 3818 codex
726 3756 829 3818 Boicus
851 3751 912 3820 nivei
933 3760 1065 3840 χρυσοῦν
1089 3759 1257 3840 νομίσματα
1283 3761 1360 3844 τρία.

266 3839 363 3901 forsan
376 3848 453 3900 rectu
472 3841 555 3900 lectio
576 3844 630 3902 erit
650 3838 710 3905 aioni
732 3848 829 3923 χρυσᾶ
842 3843 1025 3923 νομίσματα,
1052 3851 1086 3904 nt
1106 3838 1165 3908 nivei
1185 3847 1312 3926 capiatur
1330 3864 1363 3904 eo

265 3943 351 3984 sensu
365 3946 422 4003 qno
435 3923 540 3986 Matth.
554 3928 613 3992 20:
638 3927 746 4008 ἔλαβον
757 3921 817 3990 nivei
832 3921 996 4010 δηνάριον,
1020 3936 1175 4010 οσοῳιτισιί
1194 3931 1300 4008 cinguli
1317 3931 1364 3989 dc

266 4014 379 4111 nnciam.
421 4009 530 4112 ἔλαβον
548 4009 601 4074 ταί
624 4006 712 4075 αὐτοὶ
730 4007 795 4104 Ιἀντὶ
815 4009 979 4096 δηνάριον,
1015 4022 1170 4116 οσοομττιιιί
1190 4019 1245 4096 apri
1267 4033 1363 4097 ροορυτ

215 4181 218 4188 ’
267 4093 610 4241 Μξιίίῖΐῗῗίίυίροίπεζα
626 4169 659 4228 di
676 4169 815 4246 oddocpori]
839 4176 874 4232 ob
892 4175 1058 4246 religiosioris
1080 4177 1168 4233 ieiunii
1191 4179 1363 4250 praeceptum,

269 4239 756 4368 ρρρρὶτεσιττρικῑιρᾙρρονοοίραροο
777 4245 820 4298 die
843 4246 903 4332 vino
927 4263 977 4300 non
999 4247 1137 4333 interdicit.
1163 4247 1359 4318 Euchoiogium:

643 4351 652 4382 ,
732 4313 1182 4388 μσταίαμβααομιτοίνουμονου.
1255 4397 1257 4402 ,
