<?xml version="1.0" encoding="UTF-8"?>
<!DOCTYPE html PUBLIC "-//W3C//DTD XHTML 1.0 Transitional//EN"
    "http://www.w3.org/TR/xhtml1/DTD/xhtml1-transitional.dtd">
<html xmlns="http://www.w3.org/1999/xhtml" xml:lang="en" lang="en">
 <head>
  <title>
</title>
<meta http-equiv="Content-Type" content="text/html;charset=utf-8" />
  <meta name='ocr-system' content='tesseract 3.04.00' />
  <meta name='ocr-capabilities' content='ocr_page ocr_carea ocr_par ocr_line ocrx_word'/>
</head>
<body>
  <div class='ocr_page' id='page_1' title='image "./deofficialibusp01bekkgoog/deofficialibusp01bekkgoog_0354.png"; bbox 0 0 3034 4916; ppageno 0'>
   <div class='ocr_carea' id='block_1_1' title="bbox 490 341 1256 420">
    <p class='ocr_par' dir='ltr' id='par_1_1' title="bbox 490 341 1256 420">
     <span class='ocr_line' id='line_1_1' title="bbox 490 341 1256 420; baseline 0.012 -10"><span class='ocrx_word' id='word_1_1' title='bbox 490 343 536 410; x_wconf 83' lang='lat' dir='ltr'><strong>IN</strong></span> <span class='ocrx_word' id='word_1_2' title='bbox 550 341 701 411; x_wconf 80' lang='lat' dir='ltr'>CODINI</span> <span class='ocrx_word' id='word_1_3' title='bbox 720 343 804 412; x_wconf 76' lang='lat' dir='ltr'><strong>ctu.</strong></span> <span class='ocrx_word' id='word_1_4' title='bbox 832 345 926 414; x_wconf 87' lang='lat' dir='ltr'>XIV.</span> <span class='ocrx_word' id='word_1_5' title='bbox 1182 347 1256 420; x_wconf 79' lang='lat'><strong>333</strong></span> 
     </span>
    </p>
   </div>
   <div class='ocr_carea' id='block_1_2' title="bbox 153 506 1255 770">
    <p class='ocr_par' dir='ltr' id='par_1_2' title="bbox 153 506 1255 770">
     <span class='ocr_line' id='line_1_2' title="bbox 158 506 1254 594; baseline 0.001 -31"><span class='ocrx_word' id='word_1_6' title='bbox 158 525 216 563; x_wconf 76' lang='lat' dir='ltr'><strong>oum</strong></span> <span class='ocrx_word' id='word_1_7' title='bbox 229 506 416 592; x_wconf 72' lang='lat' dir='ltr'><strong>institorepdum</strong></span> <span class='ocrx_word' id='word_1_8' title='bbox 438 506 547 574; x_wconf 70' lang='lat' dir='ltr'><strong>dotat,</strong></span> <span class='ocrx_word' id='word_1_9' title='bbox 561 507 638 592; x_wconf 27' lang='lat' dir='ltr'><strong>‘quot</strong></span> <span class='ocrx_word' id='word_1_10' title='bbox 656 507 717 562; x_wconf 74' lang='lat' dir='ltr'><strong>solis</strong></span> <span class='ocrx_word' id='word_1_11' title='bbox 725 507 800 562; x_wconf 76' lang='lat' dir='ltr'><strong>illim</strong></span> <span class='ocrx_word' id='word_1_12' title='bbox 810 507 928 578; x_wconf 77' lang='lat' dir='ltr'><strong>regionis</strong></span> <span class='ocrx_word' id='word_1_13' title='bbox 938 507 1099 594; x_wconf 59' lang='lat' dir='ltr'><strong>satiatib&#39;bas</strong></span> <span class='ocrx_word' id='word_1_14' title='bbox 1109 525 1254 593; x_wconf 72' lang='lat' dir='ltr'><strong>opaeum</strong></span> 
     </span>
     <span class='ocr_line' id='line_1_3' title="bbox 153 577 1255 769; baseline 0.003 -70"><span class='ocrx_word' id='word_1_15' title='bbox 153 577 1255 769; x_wconf 49' lang='lat' dir='ltr'><strong>idqfflpigigf&#39;pffliiiawil“diaiiel⁸.ri¹.l¹iiiil⁰ialiiiiidsliiaill¹il</strong></span> 
     </span>
     <span class='ocr_line' id='line_1_4' title="bbox 153 731 426 770; baseline 0 -2"><span class='ocrx_word' id='word_1_16' title='bbox 153 733 217 768; x_wconf 82' lang='lat' dir='ltr'><strong>-nou</strong></span> <span class='ocrx_word' id='word_1_17' title='bbox 254 733 279 766; x_wconf 85' lang='lat' dir='ltr'><strong>lll</strong></span> <span class='ocrx_word' id='word_1_18' title='bbox 308 733 320 768; x_wconf 83' lang='lat' dir='ltr'><strong>l&#39;</strong></span> <span class='ocrx_word' id='word_1_19' title='bbox 338 733 362 770; x_wconf 78' lang='lat' dir='ltr'><strong>lc</strong></span> <span class='ocrx_word' id='word_1_20' title='bbox 375 731 426 769; x_wconf 86' lang='lat' dir='ltr'><strong>ttm.</strong></span> 
     </span>
    </p>
   </div>
   <div class='ocr_carea' id='block_1_3' title="bbox 57 815 1376 4261">
    <p class='ocr_par' dir='ltr' id='par_1_3' title="bbox 155 815 1256 1148">
     <span class='ocr_line' id='line_1_5' title="bbox 223 815 1254 902; baseline 0.001 -30"><span class='ocrx_word' id='word_1_21' title='bbox 223 819 298 888; x_wconf 75' lang='lat' dir='ltr'><strong>pii</strong></span> <span class='ocrx_word' id='word_1_22' title='bbox 316 835 342 872; x_wconf 81' lang='lat' dir='ltr'><strong>v.</strong></span> <span class='ocrx_word' id='word_1_23' title='bbox 362 819 387 872; x_wconf 85' lang='lat'><strong>1.</strong></span> <span class='ocrx_word' id='word_1_24' title='bbox 407 817 561 899; x_wconf 74' lang='lat' dir='ltr'><strong>thesaurum</strong></span> <span class='ocrx_word' id='word_1_25' title='bbox 585 815 743 888; x_wconf 81' lang='grc' dir='ltr'><strong>βτατιαρίοα</strong></span> <span class='ocrx_word' id='word_1_26' title='bbox 766 833 832 900; x_wconf 69' lang='lat' dir='ltr'><strong>poco</strong></span> <span class='ocrx_word' id='word_1_27' title='bbox 863 833 1039 902; x_wconf 81' lang='lat' dir='ltr'><strong>upnuunquaus</strong></span> <span class='ocrx_word' id='word_1_28' title='bbox 1064 816 1254 886; x_wconf 78' lang='lat' dir='ltr'><strong>intelligendum</strong></span> 
     </span>
     <span class='ocr_line' id='line_1_6' title="bbox 155 887 1256 1027; baseline 0.004 -18"><span class='ocrx_word' id='word_1_29' title='bbox 155 887 992 1026; x_wconf 46' lang='lat' dir='ltr'><strong>putesl&#39;lsl’ll.loaclulcssolsllllllhtols&#39;lelllllulanlisqhhrugrllullpllrclloginta</strong></span> <span class='ocrx_word' id='word_1_30' title='bbox 1020 954 1098 1009; x_wconf 85' lang='lat' dir='ltr'><strong>libras</strong></span> <span class='ocrx_word' id='word_1_31' title='bbox 1120 959 1194 1027; x_wconf 82' lang='lat' dir='ltr'><strong>auri,</strong></span> <span class='ocrx_word' id='word_1_32' title='bbox 1215 961 1256 1016; x_wconf 87' lang='lat' dir='ltr'><strong>alt</strong></span> 
     </span>
     <span class='ocr_line' id='line_1_7' title="bbox 156 1023 1256 1148; baseline 0.005 -71"><span class='ocrx_word' id='word_1_33' title='bbox 156 1023 305 1146; x_wconf 68' lang='lat' dir='ltr'><strong>Gedqsnus,</strong></span> <span class='ocrx_word' id='word_1_34' title='bbox 321 1041 353 1078; x_wconf 84' lang='lat' dir='ltr'><strong>ex</strong></span> <span class='ocrx_word' id='word_1_35' title='bbox 370 1023 470 1148; x_wconf 58' lang='lat' dir='ltr'><strong>qqpprieo</strong></span> <span class='ocrx_word' id='word_1_36' title='bbox 485 1023 650 1095; x_wconf 82' lang='lat' dir='ltr'><strong>imperatorio</strong></span> <span class='ocrx_word' id='word_1_37' title='bbox 666 1024 800 1094; x_wconf 75' lang='lat' dir='ltr'><strong>quotannis</strong></span> <span class='ocrx_word' id='word_1_38' title='bbox 809 1024 888 1095; x_wconf 81' lang='lat' dir='ltr'><strong>pandi</strong></span> <span class='ocrx_word' id='word_1_39' title='bbox 903 1025 986 1078; x_wconf 83' lang='lat' dir='ltr'><strong>iussit.</strong></span> <span class='ocrx_word' id='word_1_40' title='bbox 1004 1024 1070 1078; x_wconf 83' lang='lat' dir='ltr'><strong>aliae</strong></span> <span class='ocrx_word' id='word_1_41' title='bbox 1086 1026 1180 1096; x_wconf 79' lang='lat' dir='ltr'><strong>viginti</strong></span> <span class='ocrx_word' id='word_1_42' title='bbox 1197 1031 1256 1083; x_wconf 83' lang='lat' dir='ltr'><strong>lor-</strong></span> 
     </span>
    </p>

    <p class='ocr_par' dir='ltr' id='par_1_4' title="bbox 156 1111 1376 1509">
     <span class='ocr_line' id='line_1_8' title="bbox 235 1111 468 1148; baseline 0.004 -2"><span class='ocrx_word' id='word_1_43' title='bbox 235 1111 292 1147; x_wconf 75' lang='lat' dir='ltr'><strong>etus</strong></span> <span class='ocrx_word' id='word_1_44' title='bbox 325 1111 372 1147; x_wconf 67' lang='grc'><strong>118</strong></span> <span class='ocrx_word' id='word_1_45' title='bbox 427 1111 468 1148; x_wconf 69' lang='lat'><strong>8·</strong></span> 
     </span>
     <span class='ocr_line' id='line_1_9' title="bbox 156 1111 1256 1232; baseline 0.004 -18"><span class='ocrx_word' id='word_1_46' title='bbox 156 1111 202 1160; x_wconf 56' lang='lat' dir='ltr'>m</span> <span class='ocrx_word' id='word_1_47' title='bbox 224 1163 260 1216; x_wconf 85' lang='lat' dir='ltr'><strong>ib.</strong></span> <span class='ocrx_word' id='word_1_48' title='bbox 272 1112 334 1217; x_wconf 40' lang='lat' dir='ltr'><strong>viel.</strong></span> <span class='ocrx_word' id='word_1_49' title='bbox 351 1162 456 1230; x_wconf 67' lang='grc' dir='ltr'><strong>λίτρας]</strong></span> <span class='ocrx_word' id='word_1_50' title='bbox 473 1161 530 1232; x_wconf 80' lang='lat' dir='ltr'><strong>auri</strong></span> <span class='ocrx_word' id='word_1_51' title='bbox 540 1161 630 1215; x_wconf 80' lang='lat' dir='ltr'><strong>libram</strong></span> <span class='ocrx_word' id='word_1_52' title='bbox 642 1160 760 1214; x_wconf 84' lang='lat' dir='ltr'><strong>Budaeus</strong></span> <span class='ocrx_word' id='word_1_53' title='bbox 772 1161 804 1214; x_wconf 89' lang='lat' dir='ltr'><strong>de</strong></span> <span class='ocrx_word' id='word_1_54' title='bbox 817 1177 875 1214; x_wconf 85' lang='lat' dir='ltr'><strong>asse</strong></span> <span class='ocrx_word' id='word_1_55' title='bbox 890 1160 908 1214; x_wconf 92' lang='lat' dir='ltr'><strong>l.</strong></span> <span class='ocrx_word' id='word_1_56' title='bbox 921 1160 938 1216; x_wconf 80' lang='lat'><strong>⁵</strong></span> <span class='ocrx_word' id='word_1_57' title='bbox 955 1179 1005 1220; x_wconf 89' lang='lat' dir='ltr'><strong>non</strong></span> <span class='ocrx_word' id='word_1_58' title='bbox 1022 1161 1103 1216; x_wconf 82' lang='lat' dir='ltr'><strong>minua</strong></span> <span class='ocrx_word' id='word_1_59' title='bbox 1114 1163 1200 1218; x_wconf 86' lang='lat' dir='ltr'><strong>aureis</strong></span> <span class='ocrx_word' id='word_1_60' title='bbox 1211 1182 1256 1218; x_wconf 89' lang='lat' dir='ltr'><strong>so-</strong></span> 
     </span>
     <span class='ocr_line' id='line_1_10' title="bbox 156 1229 1376 1301; baseline 0.002 -17"><span class='ocrx_word' id='word_1_61' title='bbox 156 1230 217 1284; x_wconf 80' lang='lat' dir='ltr'><strong>latis</strong></span> <span class='ocrx_word' id='word_1_62' title='bbox 233 1237 331 1285; x_wconf 87' lang='lat' dir='ltr'><strong>centum</strong></span> <span class='ocrx_word' id='word_1_63' title='bbox 349 1232 482 1300; x_wconf 81' lang='lat' dir='ltr'><strong>aestimat,</strong></span> <span class='ocrx_word' id='word_1_64' title='bbox 499 1231 612 1284; x_wconf 80' lang='lat' dir='ltr'><strong>Lexicon</strong></span> <span class='ocrx_word' id='word_1_65' title='bbox 629 1229 764 1284; x_wconf 89' lang='lat' dir='ltr'><strong>luridioum</strong></span> <span class='ocrx_word' id='word_1_66' title='bbox 781 1231 943 1301; x_wconf 72' lang='lat' dir='ltr'><strong>septuaginta</strong></span> <span class='ocrx_word' id='word_1_67' title='bbox 954 1229 1067 1300; x_wconf 81' lang='lat' dir='ltr'><strong>duobus,</strong></span> <span class='ocrx_word' id='word_1_68' title='bbox 1085 1233 1181 1288; x_wconf 82' lang='lat' dir='ltr'><strong>Paulus</strong></span> <span class='ocrx_word' id='word_1_69' title='bbox 1192 1233 1256 1290; x_wconf 81' lang='lat' dir='ltr'><strong>bio-</strong></span> <span class='ocrx_word' id='word_1_70' title='bbox 1375 1239 1376 1246; x_wconf 78' lang='grc'>’</span> 
     </span>
     <span class='ocr_line' id='line_1_11' title="bbox 158 1291 1256 1372; baseline 0.005 -20"><span class='ocrx_word' id='word_1_71' title='bbox 158 1317 237 1353; x_wconf 87' lang='lat' dir='ltr'><strong>conus</strong></span> <span class='ocrx_word' id='word_1_72' title='bbox 260 1301 362 1353; x_wconf 80' lang='lat' dir='ltr'><strong>decem:</strong></span> <span class='ocrx_word' id='word_1_73' title='bbox 386 1298 428 1354; x_wconf 91' lang='lat' dir='ltr'><strong>ubi</strong></span> <span class='ocrx_word' id='word_1_74' title='bbox 457 1317 564 1370; x_wconf 88' lang='lat' dir='ltr'><strong>namque</strong></span> <span class='ocrx_word' id='word_1_75' title='bbox 586 1299 758 1369; x_wconf 84' lang='lat' dir='ltr'><strong>Theophanes</strong></span> <span class='ocrx_word' id='word_1_76' title='bbox 779 1291 881 1353; x_wconf 74' lang='lat' dir='ltr'><strong>taneto</strong></span> <span class='ocrx_word' id='word_1_77' title='bbox 903 1300 1077 1370; x_wconf 79' lang='grc' dir='ltr'><em>νομίσματα,</em></span> <span class='ocrx_word' id='word_1_78' title='bbox 1094 1300 1150 1372; x_wconf 86' lang='lat' dir='ltr'><strong>ipse</strong></span> <span class='ocrx_word' id='word_1_79' title='bbox 1167 1303 1256 1358; x_wconf 84' lang='lat' dir='ltr'><strong>deoeut</strong></span> 
     </span>
     <span class='ocr_line' id='line_1_12' title="bbox 157 1369 1254 1442; baseline 0.003 -20"><span class='ocrx_word' id='word_1_80' title='bbox 157 1369 235 1422; x_wconf 78' lang='lat' dir='ltr'><strong>libras</strong></span> <span class='ocrx_word' id='word_1_81' title='bbox 253 1377 375 1423; x_wconf 86' lang='lat' dir='ltr'><strong>numerat.</strong></span> <span class='ocrx_word' id='word_1_82' title='bbox 410 1369 539 1423; x_wconf 81' lang='lat' dir='ltr'><strong>Blastursa</strong></span> <span class='ocrx_word' id='word_1_83' title='bbox 556 1376 614 1422; x_wconf 86' lang='lat' dir='ltr'><strong>octo</strong></span> <span class='ocrx_word' id='word_1_84' title='bbox 628 1370 740 1442; x_wconf 79' lang='lat' dir='ltr'><strong>pretium</strong></span> <span class='ocrx_word' id='word_1_85' title='bbox 756 1369 809 1422; x_wconf 84' lang='lat' dir='ltr'><strong>eius</strong></span> <span class='ocrx_word' id='word_1_86' title='bbox 824 1376 915 1424; x_wconf 55' lang='lat' dir='ltr'><strong>&#39;censa</strong></span> <span class='ocrx_word' id='word_1_87' title='bbox 933 1387 955 1422; x_wconf 88' lang='lat' dir='ltr'><strong>o.</strong></span> <span class='ocrx_word' id='word_1_88' title='bbox 976 1371 1060 1426; x_wconf 75' lang='lat' dir='ltr'><strong>isati</strong></span> <span class='ocrx_word' id='word_1_89' title='bbox 1070 1371 1254 1442; x_wconf 76' lang='grc' dir='ltr'><strong><em>Τστοιχείοατ</em></strong></span> 
     </span>
     <span class='ocr_line' id='line_1_13' title="bbox 158 1432 971 1509; baseline 0 -17"><span class='ocrx_word' id='word_1_90' title='bbox 158 1432 177 1508; x_wconf 73' lang='grc' dir='ltr'><strong><em>ἡ</em></strong></span> <span class='ocrx_word' id='word_1_91' title='bbox 195 1435 261 1508; x_wconf 73' lang='grc' dir='ltr'><strong>παρ’</strong></span> <span class='ocrx_word' id='word_1_92' title='bbox 279 1434 358 1509; x_wconf 76' lang='grc' dir='ltr'><strong>ἡμῶν</strong></span> <span class='ocrx_word' id='word_1_93' title='bbox 372 1435 538 1509; x_wconf 72' lang='grc' dir='ltr'><em>νομιζομένη</em></span> <span class='ocrx_word' id='word_1_94' title='bbox 553 1438 632 1508; x_wconf 71' lang='lat' dir='ltr'><strong>tiana</strong></span> <span class='ocrx_word' id='word_1_95' title='bbox 647 1437 801 1508; x_wconf 65' lang='grc' dir='ltr'><em>νομίσματα</em></span> <span class='ocrx_word' id='word_1_96' title='bbox 818 1434 873 1509; x_wconf 69' lang='grc' dir='ltr'><strong>ἔχει</strong></span> <span class='ocrx_word' id='word_1_97' title='bbox 889 1434 971 1493; x_wconf 60' lang='lat' dir='ltr'><strong>tinam.</strong></span> 
     </span>
    </p>

    <p class='ocr_par' dir='ltr' id='par_1_5' title="bbox 155 1539 1361 2562">
     <span class='ocr_line' id='line_1_14' title="bbox 243 1539 1255 1625; baseline -0.004 -17"><span class='ocrx_word' id='word_1_98' title='bbox 243 1563 271 1622; x_wconf 87' lang='lat' dir='ltr'><strong>p.</strong></span> <span class='ocrx_word' id='word_1_99' title='bbox 285 1549 327 1610; x_wconf 86' lang='lat'><strong>77</strong></span> <span class='ocrx_word' id='word_1_100' title='bbox 347 1563 373 1603; x_wconf 88' lang='lat' dir='ltr'><strong>v.</strong></span> <span class='ocrx_word' id='word_1_101' title='bbox 388 1545 416 1605; x_wconf 87' lang='grc'><strong>3.</strong></span> <span class='ocrx_word' id='word_1_102' title='bbox 449 1545 602 1604; x_wconf 88' lang='lat' dir='ltr'><strong>hebdomas</strong></span> <span class='ocrx_word' id='word_1_103' title='bbox 626 1539 853 1624; x_wconf 72' lang='grc' dir='ltr'><strong>ὅταταινήατμος</strong></span> <span class='ocrx_word' id='word_1_104' title='bbox 879 1550 924 1602; x_wconf 86' lang='lat' dir='ltr'><strong>est</strong></span> <span class='ocrx_word' id='word_1_105' title='bbox 943 1549 1005 1602; x_wconf 79' lang='lat' dir='ltr'><strong>tota</strong></span> <span class='ocrx_word' id='word_1_106' title='bbox 1024 1543 1178 1604; x_wconf 83' lang='lat' dir='ltr'><strong>hebdomas</strong></span> <span class='ocrx_word' id='word_1_107' title='bbox 1200 1563 1255 1625; x_wconf 87' lang='lat' dir='ltr'><strong>pa-</strong></span> 
     </span>
     <span class='ocr_line' id='line_1_15' title="bbox 158 1628 1344 1710; baseline 0.001 -21"><span class='ocrx_word' id='word_1_108' title='bbox 158 1628 276 1706; x_wconf 82' lang='lat' dir='ltr'><strong>schalis,</strong></span> <span class='ocrx_word' id='word_1_109' title='bbox 297 1647 369 1704; x_wconf 89' lang='lat' dir='ltr'><strong>quae</strong></span> <span class='ocrx_word' id='word_1_110' title='bbox 382 1631 485 1688; x_wconf 85' lang='lat' dir='ltr'><strong>festum</strong></span> <span class='ocrx_word' id='word_1_111' title='bbox 498 1630 619 1708; x_wconf 78' lang='lat' dir='ltr'>paschae</span> <span class='ocrx_word' id='word_1_112' title='bbox 634 1631 758 1710; x_wconf 85' lang='lat' dir='ltr'><strong>proxime</strong></span> <span class='ocrx_word' id='word_1_113' title='bbox 771 1630 897 1706; x_wconf 85' lang='lat' dir='ltr'><strong>sequitur</strong></span> <span class='ocrx_word' id='word_1_114' title='bbox 909 1635 940 1688; x_wconf 91' lang='lat' dir='ltr'><strong>et</strong></span> <span class='ocrx_word' id='word_1_115' title='bbox 955 1649 1010 1707; x_wconf 90' lang='lat' dir='ltr'><strong>qua</strong></span> <span class='ocrx_word' id='word_1_116' title='bbox 1024 1632 1188 1690; x_wconf 86' lang='lat' dir='ltr'><strong>resurrectio</strong></span> <span class='ocrx_word' id='word_1_117' title='bbox 1202 1633 1255 1690; x_wconf 86' lang='lat' dir='ltr'><strong>do·</strong></span> <span class='ocrx_word' id='word_1_118' title='bbox 1340 1703 1344 1710; x_wconf 25' lang='grc' dir='ltr'><strong><em>Ι</em></strong></span> 
     </span>
     <span class='ocr_line' id='line_1_16' title="bbox 159 1713 1255 1792; baseline 0.004 -20"><span class='ocrx_word' id='word_1_119' title='bbox 159 1715 227 1772; x_wconf 89' lang='lat' dir='ltr'><strong>mini</strong></span> <span class='ocrx_word' id='word_1_120' title='bbox 244 1713 352 1771; x_wconf 79' lang='lat' dir='ltr'>solenni</span> <span class='ocrx_word' id='word_1_121' title='bbox 371 1715 542 1772; x_wconf 74' lang='lat' dir='ltr'><strong>caeremonia</strong></span> <span class='ocrx_word' id='word_1_122' title='bbox 563 1714 725 1774; x_wconf 82' lang='lat' dir='ltr'><strong>celebratur.</strong></span> <span class='ocrx_word' id='word_1_123' title='bbox 765 1715 796 1770; x_wconf 88' lang='lat' dir='ltr'><strong>id</strong></span> <span class='ocrx_word' id='word_1_124' title='bbox 818 1714 937 1771; x_wconf 88' lang='lat' dir='ltr'><strong>ostendo</strong></span> <span class='ocrx_word' id='word_1_125' title='bbox 956 1716 1075 1792; x_wconf 88' lang='lat' dir='ltr'><strong>primum</strong></span> <span class='ocrx_word' id='word_1_126' title='bbox 1094 1718 1255 1776; x_wconf 83' lang='lat' dir='ltr'><strong>testimonio</strong></span> 
     </span>
     <span class='ocr_line' id='line_1_17' title="bbox 158 1797 1255 1877; baseline 0.005 -21"><span class='ocrx_word' id='word_1_127' title='bbox 158 1798 274 1856; x_wconf 84' lang='lat' dir='ltr'><strong>Maximi</strong></span> <span class='ocrx_word' id='word_1_128' title='bbox 295 1797 436 1874; x_wconf 83' lang='lat' dir='ltr'><strong>Margunii</strong></span> <span class='ocrx_word' id='word_1_129' title='bbox 455 1799 579 1877; x_wconf 83' lang='lat' dir='ltr'><strong>episcopi</strong></span> <span class='ocrx_word' id='word_1_130' title='bbox 598 1798 713 1875; x_wconf 73' lang='lat' dir='ltr'><strong>Graeci,</strong></span> <span class='ocrx_word' id='word_1_131' title='bbox 734 1798 782 1872; x_wconf 90' lang='lat' dir='ltr'><strong>qui</strong></span> <span class='ocrx_word' id='word_1_132' title='bbox 797 1799 940 1856; x_wconf 87' lang='lat' dir='ltr'><strong>consultus</strong></span> <span class='ocrx_word' id='word_1_133' title='bbox 956 1801 1090 1874; x_wconf 85' lang='lat' dir='ltr'><strong>quidnam</strong></span> <span class='ocrx_word' id='word_1_134' title='bbox 1103 1800 1159 1859; x_wconf 87' lang='lat' dir='ltr'><strong>hoc</strong></span> <span class='ocrx_word' id='word_1_135' title='bbox 1171 1821 1255 1860; x_wconf 81' lang='lat' dir='ltr'><strong>voca-</strong></span> 
     </span>
     <span class='ocr_line' id='line_1_18' title="bbox 160 1878 1254 1966; baseline 0.008 -26"><span class='ocrx_word' id='word_1_136' title='bbox 160 1883 227 1940; x_wconf 89' lang='lat' dir='ltr'><strong>bulo</strong></span> <span class='ocrx_word' id='word_1_137' title='bbox 243 1881 429 1959; x_wconf 84' lang='lat' dir='ltr'><strong>significetur,</strong></span> <span class='ocrx_word' id='word_1_138' title='bbox 456 1882 604 1962; x_wconf 81' lang='lat' dir='ltr'><strong>respondit</strong></span> <span class='ocrx_word' id='word_1_139' title='bbox 623 1882 667 1941; x_wconf 88' lang='lat' dir='ltr'><strong>his</strong></span> <span class='ocrx_word' id='word_1_140' title='bbox 689 1883 796 1940; x_wconf 87' lang='lat' dir='ltr'><strong>verbis:</strong></span> <span class='ocrx_word' id='word_1_141' title='bbox 826 1885 999 1962; x_wconf 70' lang='lat' dir='ltr'><strong>capotuerat</strong></span> <span class='ocrx_word' id='word_1_142' title='bbox 1018 1878 1087 1966; x_wconf 83' lang='grc' dir='ltr'><strong>παρ’</strong></span> <span class='ocrx_word' id='word_1_143' title='bbox 1106 1883 1182 1964; x_wconf 77' lang='grc' dir='ltr'><strong>ἡμῖν</strong></span> <span class='ocrx_word' id='word_1_144' title='bbox 1201 1883 1254 1950; x_wconf 66' lang='lat' dir='ltr'><strong>aad</strong></span> 
     </span>
     <span class='ocr_line' id='line_1_19' title="bbox 159 1959 1255 2050; baseline 0.004 -22"><span class='ocrx_word' id='word_1_145' title='bbox 159 1960 268 2029; x_wconf 66' lang='grc' dir='ltr'><strong><em>τούτου</em></strong></span> <span class='ocrx_word' id='word_1_146' title='bbox 282 1970 338 2028; x_wconf 78' lang='grc' dir='ltr'><strong>τοῦ</strong></span> <span class='ocrx_word' id='word_1_147' title='bbox 356 1959 498 2046; x_wconf 79' lang='grc' dir='ltr'><strong>ὀνόματος</strong></span> <span class='ocrx_word' id='word_1_148' title='bbox 512 1965 603 2049; x_wconf 63' lang='lat' dir='ltr'><strong>ispa</strong></span> <span class='ocrx_word' id='word_1_149' title='bbox 620 1961 723 2046; x_wconf 70' lang='grc' dir='ltr'><strong><em>πρώτη</em></strong></span> <span class='ocrx_word' id='word_1_150' title='bbox 746 1965 876 2048; x_wconf 76' lang='grc' dir='ltr'><em>ἕβδομας</em></span> <span class='ocrx_word' id='word_1_151' title='bbox 897 1971 951 2046; x_wconf 77' lang='grc' dir='ltr'><strong>τῆς</strong></span> <span class='ocrx_word' id='word_1_152' title='bbox 971 1963 1176 2050; x_wconf 74' lang='grc' dir='ltr'><em>ἄναστασίμου</em></span> <span class='ocrx_word' id='word_1_153' title='bbox 1198 1974 1255 2034; x_wconf 79' lang='lat' dir='ltr'><strong>nori</strong></span> 
     </span>
     <span class='ocr_line' id='line_1_20' title="bbox 160 2049 1361 2134; baseline 0.002 -22"><span class='ocrx_word' id='word_1_154' title='bbox 160 2055 297 2132; x_wconf 75' lang='grc' dir='ltr'><strong><em>σωτῆρος</em></strong></span> <span class='ocrx_word' id='word_1_155' title='bbox 309 2049 398 2131; x_wconf 75' lang='grc' dir='ltr'><strong>ἡμῶν</strong></span> <span class='ocrx_word' id='word_1_156' title='bbox 410 2050 520 2134; x_wconf 74' lang='grc' dir='ltr'><strong><em>ἑορτῆς.</em></strong></span> <span class='ocrx_word' id='word_1_157' title='bbox 535 2092 537 2096; x_wconf 91' lang='grc'><strong>-</strong></span> <span class='ocrx_word' id='word_1_158' title='bbox 562 2054 626 2114; x_wconf 80' lang='lat' dir='ltr'><strong>uide</strong></span> <span class='ocrx_word' id='word_1_159' title='bbox 635 2053 773 2132; x_wconf 53' lang='lat' dir='ltr'><strong>‘Cataloq</strong></span> <span class='ocrx_word' id='word_1_160' title='bbox 792 2053 975 2114; x_wconf 78' lang='lat' dir='ltr'><strong>bibliothecae</strong></span> <span class='ocrx_word' id='word_1_161' title='bbox 993 2053 1114 2133; x_wconf 69' lang='lat' dir='ltr'><strong>August.</strong></span> <span class='ocrx_word' id='word_1_162' title='bbox 1129 2055 1165 2114; x_wconf 86' lang='lat' dir='ltr'><strong>ab</strong></span> <span class='ocrx_word' id='word_1_163' title='bbox 1177 2055 1291 2122; x_wconf 80' lang='lat' dir='ltr'><strong>Hos-P</strong></span> <span class='ocrx_word' id='word_1_164' title='bbox 1308 2067 1361 2123; x_wconf 76' lang='lat'><strong>246</strong></span> 
     </span>
     <span class='ocr_line' id='line_1_21' title="bbox 155 2136 1258 2222; baseline 0.005 -26"><span class='ocrx_word' id='word_1_165' title='bbox 155 2136 262 2196; x_wconf 82' lang='lat' dir='ltr'><strong>scholio</strong></span> <span class='ocrx_word' id='word_1_166' title='bbox 277 2137 391 2196; x_wconf 88' lang='lat' dir='ltr'><strong>editum.</strong></span> <span class='ocrx_word' id='word_1_167' title='bbox 428 2141 555 2198; x_wconf 77' lang='lat' dir='ltr'><strong>sectando</strong></span> <span class='ocrx_word' id='word_1_168' title='bbox 570 2140 645 2197; x_wconf 91' lang='lat' dir='ltr'><strong>idem</strong></span> <span class='ocrx_word' id='word_1_169' title='bbox 658 2139 747 2217; x_wconf 90' lang='lat' dir='ltr'><strong>probo</strong></span> <span class='ocrx_word' id='word_1_170' title='bbox 761 2157 796 2198; x_wconf 84' lang='lat' dir='ltr'><strong>ex</strong></span> <span class='ocrx_word' id='word_1_171' title='bbox 809 2139 918 2218; x_wconf 81' lang='lat' dir='ltr'><strong>Typico</strong></span> <span class='ocrx_word' id='word_1_172' title='bbox 935 2141 966 2198; x_wconf 82' lang='lat' dir='ltr'><strong>S.</strong></span> <span class='ocrx_word' id='word_1_173' title='bbox 979 2140 1088 2218; x_wconf 82' lang='lat' dir='ltr'><strong>Sabae,</strong></span> <span class='ocrx_word' id='word_1_174' title='bbox 1108 2141 1157 2198; x_wconf 89' lang='lat' dir='ltr'><strong>ubi</strong></span> <span class='ocrx_word' id='word_1_175' title='bbox 1172 2141 1258 2222; x_wconf 80' lang='lat' dir='ltr'><strong>rapiti</strong></span> 
     </span>
     <span class='ocr_line' id='line_1_22' title="bbox 159 2221 1257 2307; baseline 0.01 -28"><span class='ocrx_word' id='word_1_176' title='bbox 159 2222 202 2287; x_wconf 81' lang='grc'><strong>46</strong></span> <span class='ocrx_word' id='word_1_177' title='bbox 223 2222 382 2282; x_wconf 86' lang='lat' dir='ltr'><strong>huiusmodi</strong></span> <span class='ocrx_word' id='word_1_178' title='bbox 403 2224 500 2282; x_wconf 88' lang='lat' dir='ltr'><strong>titulus</strong></span> <span class='ocrx_word' id='word_1_179' title='bbox 519 2225 695 2305; x_wconf 50' lang='lat' dir='ltr'><strong>praeliatur:</strong></span> <span class='ocrx_word' id='word_1_180' title='bbox 724 2223 837 2302; x_wconf 77' lang='grc' dir='ltr'><em>εἴδησις</em></span> <span class='ocrx_word' id='word_1_181' title='bbox 857 2229 912 2286; x_wconf 80' lang='grc' dir='ltr'><strong>τοῦ</strong></span> <span class='ocrx_word' id='word_1_182' title='bbox 925 2221 1023 2287; x_wconf 81' lang='grc' dir='ltr'><strong><em>τύπου</em></strong></span> <span class='ocrx_word' id='word_1_183' title='bbox 1037 2229 1091 2305; x_wconf 79' lang='grc' dir='ltr'><strong>τῆς</strong></span> <span class='ocrx_word' id='word_1_184' title='bbox 1105 2224 1191 2307; x_wconf 68' lang='grc' dir='ltr'><em>ἁγίας</em></span> <span class='ocrx_word' id='word_1_185' title='bbox 1204 2227 1257 2290; x_wconf 77' lang='grc' dir='ltr'><strong>καὶ</strong></span> 
     </span>
     <span class='ocr_line' id='line_1_23' title="bbox 159 2301 1257 2392; baseline 0.005 -24"><span class='ocrx_word' id='word_1_186' title='bbox 159 2301 291 2389; x_wconf 75' lang='grc' dir='ltr'><em>μεγάλης</em></span> <span class='ocrx_word' id='word_1_187' title='bbox 304 2313 452 2386; x_wconf 60' lang='lat' dir='ltr'><strong>saponaria</strong></span> <span class='ocrx_word' id='word_1_188' title='bbox 464 2313 520 2380; x_wconf 76' lang='grc' dir='ltr'><strong>τοῦ</strong></span> <span class='ocrx_word' id='word_1_189' title='bbox 534 2305 633 2388; x_wconf 80' lang='grc' dir='ltr'><em>πάσχα</em></span> <span class='ocrx_word' id='word_1_190' title='bbox 644 2309 695 2372; x_wconf 85' lang='lat' dir='ltr'><strong>nal</strong></span> <span class='ocrx_word' id='word_1_191' title='bbox 707 2313 762 2388; x_wconf 83' lang='grc' dir='ltr'><strong>τῆς</strong></span> <span class='ocrx_word' id='word_1_192' title='bbox 773 2303 938 2387; x_wconf 71' lang='grc' dir='ltr'><em>ἑβδομάδος</em></span> <span class='ocrx_word' id='word_1_193' title='bbox 953 2313 1006 2388; x_wconf 80' lang='grc' dir='ltr'><strong>τῆς</strong></span> <span class='ocrx_word' id='word_1_194' title='bbox 1015 2312 1257 2392; x_wconf 78' lang='grc' dir='ltr'><em>διακαινησίμοα.</em></span> 
     </span>
     <span class='ocr_line' id='line_1_24' title="bbox 159 2393 1257 2473; baseline 0.005 -23"><span class='ocrx_word' id='word_1_195' title='bbox 159 2398 190 2451; x_wconf 91' lang='lat' dir='ltr'><strong>et</strong></span> <span class='ocrx_word' id='word_1_196' title='bbox 208 2393 240 2450; x_wconf 82' lang='lat' dir='ltr'><strong>in</strong></span> <span class='ocrx_word' id='word_1_197' title='bbox 259 2393 324 2470; x_wconf 88' lang='lat' dir='ltr'><strong>ipso</strong></span> <span class='ocrx_word' id='word_1_198' title='bbox 346 2394 438 2473; x_wconf 87' lang='lat' dir='ltr'><strong>capite</strong></span> <span class='ocrx_word' id='word_1_199' title='bbox 455 2394 583 2472; x_wconf 86' lang='lat' dir='ltr'><strong>singulas</strong></span> <span class='ocrx_word' id='word_1_200' title='bbox 599 2395 723 2452; x_wconf 83' lang='lat' dir='ltr'><strong>diessen</strong></span> <span class='ocrx_word' id='word_1_201' title='bbox 736 2395 819 2452; x_wconf 79' lang='lat' dir='ltr'><strong>ferias</strong></span> <span class='ocrx_word' id='word_1_202' title='bbox 836 2393 974 2472; x_wconf 87' lang='lat' dir='ltr'><strong>paschalis</strong></span> <span class='ocrx_word' id='word_1_203' title='bbox 986 2395 1058 2453; x_wconf 90' lang='lat' dir='ltr'><strong>illius</strong></span> <span class='ocrx_word' id='word_1_204' title='bbox 1073 2395 1257 2456; x_wconf 79' lang='lat' dir='ltr'><strong>hebdomadis</strong></span> 
     </span>
     <span class='ocr_line' id='line_1_25' title="bbox 160 2474 1254 2562; baseline 0.007 -26"><span class='ocrx_word' id='word_1_205' title='bbox 160 2483 336 2554; x_wconf 76' lang='lat' dir='ltr'><strong>enumerans,</strong></span> <span class='ocrx_word' id='word_1_206' title='bbox 356 2479 506 2537; x_wconf 84' lang='lat' dir='ltr'><strong>secundam</strong></span> <span class='ocrx_word' id='word_1_207' title='bbox 521 2480 708 2538; x_wconf 79' lang='lat' dir='ltr'><strong>feriamvoost</strong></span> <span class='ocrx_word' id='word_1_208' title='bbox 721 2474 776 2559; x_wconf 73' lang='grc' dir='ltr'><strong>τήν</strong></span> <span class='ocrx_word' id='word_1_209' title='bbox 790 2479 930 2558; x_wconf 79' lang='grc' dir='ltr'><strong><em>δευτέραν</em></strong></span> <span class='ocrx_word' id='word_1_210' title='bbox 944 2483 999 2554; x_wconf 77' lang='grc' dir='ltr'><strong>τῆς</strong></span> <span class='ocrx_word' id='word_1_211' title='bbox 1012 2481 1254 2562; x_wconf 80' lang='grc' dir='ltr'><em>διακαινησίμου,</em></span> 
     </span>
    </p>

    <p class='ocr_par' dir='ltr' id='par_1_6' title="bbox 57 2560 1257 3066">
     <span class='ocr_line' id='line_1_26' title="bbox 57 2560 1257 2645; baseline 0.006 -26"><span class='ocrx_word' id='word_1_212' title='bbox 57 2575 60 2582; x_wconf 86' lang='grc'><em>“</em></span> <span class='ocrx_word' id='word_1_213' title='bbox 160 2564 272 2620; x_wconf 81' lang='lat' dir='ltr'><strong>tertiam</strong></span> <span class='ocrx_word' id='word_1_214' title='bbox 292 2560 350 2642; x_wconf 71' lang='grc' dir='ltr'><strong>τήν</strong></span> <span class='ocrx_word' id='word_1_215' title='bbox 373 2565 477 2644; x_wconf 82' lang='grc' dir='ltr'><strong><em>τρίτην</em></strong></span> <span class='ocrx_word' id='word_1_216' title='bbox 495 2568 549 2645; x_wconf 76' lang='grc' dir='ltr'><strong>τῆς</strong></span> <span class='ocrx_word' id='word_1_217' title='bbox 569 2565 813 2643; x_wconf 81' lang='grc' dir='ltr'><em>δταααινησίμοα,</em></span> <span class='ocrx_word' id='word_1_218' title='bbox 835 2569 865 2622; x_wconf 88' lang='lat' dir='ltr'><strong>et</strong></span> <span class='ocrx_word' id='word_1_219' title='bbox 887 2564 928 2622; x_wconf 87' lang='lat' dir='ltr'><strong>ita</strong></span> <span class='ocrx_word' id='word_1_220' title='bbox 951 2565 1081 2643; x_wconf 83' lang='lat' dir='ltr'><strong>deinceps</strong></span> <span class='ocrx_word' id='word_1_221' title='bbox 1104 2583 1194 2641; x_wconf 88' lang='lat' dir='ltr'><strong>usque</strong></span> <span class='ocrx_word' id='word_1_222' title='bbox 1218 2569 1257 2627; x_wconf 90' lang='lat' dir='ltr'><strong>ad</strong></span> 
     </span>
     <span class='ocr_line' id='line_1_27' title="bbox 161 2646 1257 2730; baseline 0.005 -24"><span class='ocrx_word' id='word_1_223' title='bbox 161 2648 309 2706; x_wconf 85' lang='lat' dir='ltr'><strong>sabbatum</strong></span> <span class='ocrx_word' id='word_1_224' title='bbox 322 2651 377 2728; x_wconf 80' lang='grc' dir='ltr'><strong>τῆς</strong></span> <span class='ocrx_word' id='word_1_225' title='bbox 391 2646 632 2730; x_wconf 70' lang='grc' dir='ltr'><em>ὄταααινηαίμοα.</em></span> <span class='ocrx_word' id='word_1_226' title='bbox 674 2649 749 2708; x_wconf 85' lang='lat' dir='ltr'><strong>idem</strong></span> <span class='ocrx_word' id='word_1_227' title='bbox 764 2667 798 2707; x_wconf 85' lang='lat' dir='ltr'><strong>ex</strong></span> <span class='ocrx_word' id='word_1_228' title='bbox 813 2649 873 2710; x_wconf 86' lang='lat' dir='ltr'><strong>aliis</strong></span> <span class='ocrx_word' id='word_1_229' title='bbox 891 2649 1060 2708; x_wconf 83' lang='lat' dir='ltr'><strong>Graecorum</strong></span> <span class='ocrx_word' id='word_1_230' title='bbox 1078 2651 1154 2710; x_wconf 90' lang='lat' dir='ltr'><strong>libris</strong></span> <span class='ocrx_word' id='word_1_231' title='bbox 1168 2652 1257 2712; x_wconf 85' lang='lat' dir='ltr'><strong>ritua-</strong></span> 
     </span>
     <span class='ocr_line' id='line_1_28' title="bbox 160 2729 1254 2818; baseline 0.008 -28"><span class='ocrx_word' id='word_1_232' title='bbox 160 2733 233 2791; x_wconf 85' lang='lat' dir='ltr'><strong>libus</strong></span> <span class='ocrx_word' id='word_1_233' title='bbox 260 2732 356 2810; x_wconf 84' lang='lat' dir='ltr'><strong>liquet.</strong></span> <span class='ocrx_word' id='word_1_234' title='bbox 411 2733 511 2793; x_wconf 82' lang='lat' dir='ltr'><strong>Pollux</strong></span> <span class='ocrx_word' id='word_1_235' title='bbox 538 2735 567 2794; x_wconf 92' lang='lat' dir='ltr'><strong>in</strong></span> <span class='ocrx_word' id='word_1_236' title='bbox 595 2734 736 2794; x_wconf 76' lang='lat' dir='ltr'><strong>Chronico</strong></span> <span class='ocrx_word' id='word_1_237' title='bbox 761 2753 829 2793; x_wconf 86' lang='lat' dir='ltr'><strong>suo:</strong></span> <span class='ocrx_word' id='word_1_238' title='bbox 864 2733 963 2816; x_wconf 79' lang='grc' dir='ltr'><strong><em>τρίτον</em></strong></span> <span class='ocrx_word' id='word_1_239' title='bbox 987 2729 1084 2815; x_wconf 84' lang='grc' dir='ltr'><em>νόμον</em></span> <span class='ocrx_word' id='word_1_240' title='bbox 1113 2735 1254 2818; x_wconf 70' lang='grc' dir='ltr'><strong>ἔγραψεν,</strong></span> 
     </span>
     <span class='ocr_line' id='line_1_29' title="bbox 161 2810 1256 2901; baseline 0.004 -21"><span class='ocrx_word' id='word_1_241' title='bbox 161 2810 334 2898; x_wconf 72' lang='grc' dir='ltr'><strong><em>ἀπράκτους</em></strong></span> <span class='ocrx_word' id='word_1_242' title='bbox 352 2813 429 2882; x_wconf 80' lang='grc' dir='ltr'><em>εἶναι</em></span> <span class='ocrx_word' id='word_1_243' title='bbox 446 2814 500 2893; x_wconf 74' lang='grc' dir='ltr'><strong>τὰς</strong></span> <span class='ocrx_word' id='word_1_244' title='bbox 526 2814 582 2882; x_wconf 75' lang='lat' dir='ltr'><strong>ab</strong></span> <span class='ocrx_word' id='word_1_245' title='bbox 610 2825 665 2900; x_wconf 81' lang='grc' dir='ltr'><strong>τῆς</strong></span> <span class='ocrx_word' id='word_1_246' title='bbox 693 2820 858 2900; x_wconf 80' lang='grc' dir='ltr'><em>πασχαλίας</em></span> <span class='ocrx_word' id='word_1_247' title='bbox 884 2814 1069 2899; x_wconf 72' lang='grc' dir='ltr'><em>ἑβδομάδας,</em></span> <span class='ocrx_word' id='word_1_248' title='bbox 1099 2825 1172 2901; x_wconf 83' lang='grc' dir='ltr'><strong>μ1αν</strong></span> <span class='ocrx_word' id='word_1_249' title='bbox 1200 2819 1256 2901; x_wconf 75' lang='grc' dir='ltr'><strong>μὲν</strong></span> 
     </span>
     <span class='ocr_line' id='line_1_30' title="bbox 161 2899 1257 3048; baseline -0.01 -68"><span class='ocrx_word' id='word_1_250' title='bbox 161 2899 237 2983; x_wconf 67' lang='grc' dir='ltr'><strong><em>πρό,</em></strong></span> <span class='ocrx_word' id='word_1_251' title='bbox 257 2904 329 3048; x_wconf 51' lang='lat' dir='ltr'><strong>tillut</strong></span> <span class='ocrx_word' id='word_1_252' title='bbox 348 2900 381 2966; x_wconf 76' lang='grc'><strong>11</strong></span> <span class='ocrx_word' id='word_1_253' title='bbox 398 2899 483 2986; x_wconf 76' lang='grc' dir='ltr'><em>μετά.</em></span> <span class='ocrx_word' id='word_1_254' title='bbox 527 2905 575 2965; x_wconf 91' lang='lat' dir='ltr'><strong>illa</strong></span> <span class='ocrx_word' id='word_1_255' title='bbox 595 2911 689 2966; x_wconf 88' lang='lat' dir='ltr'><strong>autem</strong></span> <span class='ocrx_word' id='word_1_256' title='bbox 707 2907 761 2987; x_wconf 83' lang='grc' dir='ltr'><strong>μία</strong></span> <span class='ocrx_word' id='word_1_257' title='bbox 782 2903 855 2987; x_wconf 81' lang='grc' dir='ltr'><strong>μετά</strong></span> <span class='ocrx_word' id='word_1_258' title='bbox 875 2911 920 2964; x_wconf 88' lang='lat' dir='ltr'><strong>est</strong></span> <span class='ocrx_word' id='word_1_259' title='bbox 941 2905 1094 2966; x_wconf 87' lang='lat' dir='ltr'><strong>hebdomas</strong></span> <span class='ocrx_word' id='word_1_260' title='bbox 1112 2911 1166 2985; x_wconf 79' lang='grc' dir='ltr'><strong>τῆς</strong></span> <span class='ocrx_word' id='word_1_261' title='bbox 1190 2909 1257 2970; x_wconf 83' lang='grc' dir='ltr'><em>δια-</em></span> 
     </span>
     <span class='ocr_line' id='line_1_31' title="bbox 161 3005 353 3066; baseline -0.01 -13"><span class='ocrx_word' id='word_1_262' title='bbox 161 3005 271 3066; x_wconf 78' lang='grc' dir='ltr'><em>καινησ</em></span> <span class='ocrx_word' id='word_1_263' title='bbox 324 3011 353 3051; x_wconf 89' lang='lat' dir='ltr'><strong>o.</strong></span> 
     </span>
    </p>

    <p class='ocr_par' dir='ltr' id='par_1_7' title="bbox 161 3009 1311 4261">
     <span class='ocr_line' id='line_1_32' title="bbox 246 3009 1257 3153; baseline 0.002 -21"><span class='ocrx_word' id='word_1_264' title='bbox 246 3009 322 3132; x_wconf 52' lang='lat' dir='ltr'><strong>Malss</strong></span> <span class='ocrx_word' id='word_1_265' title='bbox 338 3093 406 3152; x_wconf 83' lang='lat' dir='ltr'><strong>ergo</strong></span> <span class='ocrx_word' id='word_1_266' title='bbox 419 3073 598 3134; x_wconf 78' lang='lat' dir='ltr'><strong>calvinianus</strong></span> <span class='ocrx_word' id='word_1_267' title='bbox 616 3073 779 3135; x_wconf 84' lang='lat' dir='ltr'><strong>scholiastes</strong></span> <span class='ocrx_word' id='word_1_268' title='bbox 802 3073 898 3134; x_wconf 86' lang='lat' dir='ltr'><strong>Iunius</strong></span> <span class='ocrx_word' id='word_1_269' title='bbox 914 3073 944 3134; x_wconf 91' lang='lat' dir='ltr'><strong>iu</strong></span> <span class='ocrx_word' id='word_1_270' title='bbox 961 3075 1036 3134; x_wconf 87' lang='lat' dir='ltr'><strong>notis</strong></span> <span class='ocrx_word' id='word_1_271' title='bbox 1056 3075 1257 3153; x_wconf 84' lang='lat' dir='ltr'><strong>interpretatur</strong></span> 
     </span>
     <span class='ocr_line' id='line_1_33' title="bbox 162 3153 1257 3240; baseline 0 -20"><span class='ocrx_word' id='word_1_272' title='bbox 162 3153 315 3238; x_wconf 66' lang='grc' dir='ltr'><em>ἑβδομάδα</em></span> <span class='ocrx_word' id='word_1_273' title='bbox 328 3161 556 3240; x_wconf 77' lang='grc' dir='ltr'><strong>ὃτακατνησίμου</strong></span> <span class='ocrx_word' id='word_1_274' title='bbox 577 3161 754 3220; x_wconf 81' lang='lat' dir='ltr'><strong>hebdomadem</strong></span> <span class='ocrx_word' id='word_1_275' title='bbox 770 3165 947 3237; x_wconf 79' lang='lat' dir='ltr'><strong>rogationum.</strong></span> <span class='ocrx_word' id='word_1_276' title='bbox 988 3161 1060 3219; x_wconf 89' lang='lat' dir='ltr'><strong>male</strong></span> <span class='ocrx_word' id='word_1_277' title='bbox 1073 3161 1156 3218; x_wconf 88' lang='lat' dir='ltr'><strong>etiam</strong></span> <span class='ocrx_word' id='word_1_278' title='bbox 1169 3162 1257 3220; x_wconf 88' lang='lat' dir='ltr'><strong>ratio-</strong></span> 
     </span>
     <span class='ocr_line' id='line_1_34' title="bbox 161 3245 1256 3322; baseline 0.005 -21"><span class='ocrx_word' id='word_1_279' title='bbox 161 3261 228 3301; x_wconf 89' lang='lat' dir='ltr'><strong>nem</strong></span> <span class='ocrx_word' id='word_1_280' title='bbox 244 3245 362 3302; x_wconf 87' lang='lat' dir='ltr'><strong>nominis</strong></span> <span class='ocrx_word' id='word_1_281' title='bbox 381 3246 501 3304; x_wconf 86' lang='lat' dir='ltr'><strong>reddens</strong></span> <span class='ocrx_word' id='word_1_282' title='bbox 522 3247 643 3305; x_wconf 80' lang='lat' dir='ltr'><strong>niteam</strong></span> <span class='ocrx_word' id='word_1_283' title='bbox 662 3245 715 3303; x_wconf 90' lang='lat' dir='ltr'><strong>dici</strong></span> <span class='ocrx_word' id='word_1_284' title='bbox 736 3245 953 3322; x_wconf 68' lang='lat' dir='ltr'><strong>damasianus,</strong></span> <span class='ocrx_word' id='word_1_285' title='bbox 982 3249 1160 3304; x_wconf 76' lang='lat' dir='ltr'><strong>exinanitioni</strong></span> <span class='ocrx_word' id='word_1_286' title='bbox 1179 3248 1256 3306; x_wconf 82' lang='lat' dir='ltr'><strong>dica-</strong></span> 
     </span>
     <span class='ocr_line' id='line_1_35' title="bbox 162 3329 1256 3410; baseline 0.004 -24"><span class='ocrx_word' id='word_1_287' title='bbox 162 3333 238 3402; x_wconf 88' lang='lat' dir='ltr'><strong>tum,</strong></span> <span class='ocrx_word' id='word_1_288' title='bbox 260 3332 323 3406; x_wconf 73' lang='lat' dir='ltr'><strong>poio</strong></span> <span class='ocrx_word' id='word_1_289' title='bbox 335 3349 383 3406; x_wconf 83' lang='lat' dir='ltr'><strong>per</strong></span> <span class='ocrx_word' id='word_1_290' title='bbox 397 3329 467 3389; x_wconf 81' lang='lat' dir='ltr'><strong>illud</strong></span> <span class='ocrx_word' id='word_1_291' title='bbox 484 3339 585 3410; x_wconf 81' lang='lat' dir='ltr'><strong>tempos</strong></span> <span class='ocrx_word' id='word_1_292' title='bbox 597 3335 752 3390; x_wconf 81' lang='lat' dir='ltr'><strong>exinaniant</strong></span> <span class='ocrx_word' id='word_1_293' title='bbox 771 3351 820 3388; x_wconf 81' lang='lat' dir='ltr'><strong>saa</strong></span> <span class='ocrx_word' id='word_1_294' title='bbox 839 3349 947 3408; x_wconf 81' lang='lat' dir='ltr'><strong>corporo</strong></span> <span class='ocrx_word' id='word_1_295' title='bbox 972 3335 998 3387; x_wconf 81' lang='lat' dir='ltr'><strong>et</strong></span> <span class='ocrx_word' id='word_1_296' title='bbox 1016 3337 1169 3406; x_wconf 83' lang='lat' dir='ltr'><strong>macerant,</strong></span> <span class='ocrx_word' id='word_1_297' title='bbox 1190 3352 1256 3390; x_wconf 84' lang='lat' dir='ltr'><strong>ora·</strong></span> 
     </span>
     <span class='ocr_line' id='line_1_36' title="bbox 162 3412 1255 3492; baseline 0.003 -20"><span class='ocrx_word' id='word_1_298' title='bbox 162 3415 222 3473; x_wconf 78' lang='lat' dir='ltr'><strong>turi</strong></span> <span class='ocrx_word' id='word_1_299' title='bbox 233 3413 309 3472; x_wconf 87' lang='lat' dir='ltr'><strong>deum</strong></span> <span class='ocrx_word' id='word_1_300' title='bbox 322 3433 371 3490; x_wconf 85' lang='lat' dir='ltr'><strong>pro</strong></span> <span class='ocrx_word' id='word_1_301' title='bbox 387 3415 564 3475; x_wconf 76' lang='lat' dir='ltr'><strong>commoditate</strong></span> <span class='ocrx_word' id='word_1_302' title='bbox 575 3420 648 3474; x_wconf 85' lang='lat' dir='ltr'><strong>unni.</strong></span> <span class='ocrx_word' id='word_1_303' title='bbox 691 3415 809 3492; x_wconf 86' lang='lat' dir='ltr'><strong>primum</strong></span> <span class='ocrx_word' id='word_1_304' title='bbox 821 3433 878 3472; x_wconf 89' lang='lat' dir='ltr'><strong>non</strong></span> <span class='ocrx_word' id='word_1_305' title='bbox 897 3412 1074 3473; x_wconf 85' lang='lat' dir='ltr'><strong>scribendum</strong></span> <span class='ocrx_word' id='word_1_306' title='bbox 1093 3415 1255 3478; x_wconf 75' lang='grc' dir='ltr'><em>δτααεαίαι-</em></span> 
     </span>
     <span class='ocr_line' id='line_1_37' title="bbox 163 3493 1256 3578; baseline 0 -20"><span class='ocrx_word' id='word_1_307' title='bbox 163 3519 220 3576; x_wconf 85' lang='grc' dir='ltr'><strong>μος</strong></span> <span class='ocrx_word' id='word_1_308' title='bbox 243 3499 293 3555; x_wconf 91' lang='lat' dir='ltr'><strong>sed</strong></span> <span class='ocrx_word' id='word_1_309' title='bbox 315 3493 560 3578; x_wconf 77' lang='grc' dir='ltr'><strong>διακαταήστμος,</strong></span> <span class='ocrx_word' id='word_1_310' title='bbox 580 3505 613 3557; x_wconf 90' lang='lat' dir='ltr'><strong>ut</strong></span> <span class='ocrx_word' id='word_1_311' title='bbox 634 3501 739 3558; x_wconf 85' lang='lat' dir='ltr'><strong>habent</strong></span> <span class='ocrx_word' id='word_1_312' title='bbox 758 3498 924 3578; x_wconf 82' lang='lat' dir='ltr'><strong>exemplaria</strong></span> <span class='ocrx_word' id='word_1_313' title='bbox 945 3498 1113 3576; x_wconf 84' lang='lat' dir='ltr'><strong>Alexandri,</strong></span> <span class='ocrx_word' id='word_1_314' title='bbox 1141 3500 1256 3559; x_wconf 82' lang='lat' dir='ltr'><strong>rituales</strong></span> 
     </span>
     <span class='ocr_line' id='line_1_38' title="bbox 162 3581 1257 3661; baseline 0.001 -20"><span class='ocrx_word' id='word_1_315' title='bbox 162 3581 227 3641; x_wconf 88' lang='lat' dir='ltr'><strong>libri</strong></span> <span class='ocrx_word' id='word_1_316' title='bbox 252 3583 422 3644; x_wconf 87' lang='lat' dir='ltr'><strong>Graecorum</strong></span> <span class='ocrx_word' id='word_1_317' title='bbox 443 3590 473 3642; x_wconf 87' lang='lat' dir='ltr'><strong>et</strong></span> <span class='ocrx_word' id='word_1_318' title='bbox 494 3586 581 3643; x_wconf 81' lang='lat' dir='ltr'><strong>codex</strong></span> <span class='ocrx_word' id='word_1_319' title='bbox 598 3585 781 3644; x_wconf 86' lang='lat' dir='ltr'><strong>bibliothecae</strong></span> <span class='ocrx_word' id='word_1_320' title='bbox 801 3584 985 3660; x_wconf 73' lang='lat' dir='ltr'><strong>augustanae</strong></span> <span class='ocrx_word' id='word_1_321' title='bbox 1002 3605 1064 3661; x_wconf 85' lang='lat' dir='ltr'><strong>ms,</strong></span> <span class='ocrx_word' id='word_1_322' title='bbox 1090 3603 1147 3659; x_wconf 93' lang='lat' dir='ltr'><strong>quo</strong></span> <span class='ocrx_word' id='word_1_323' title='bbox 1166 3587 1257 3643; x_wconf 85' lang='lat' dir='ltr'><strong>conti-</strong></span> 
     </span>
     <span class='ocr_line' id='line_1_39' title="bbox 162 3669 1255 3755; baseline 0.001 -29"><span class='ocrx_word' id='word_1_324' title='bbox 162 3671 267 3726; x_wconf 86' lang='lat' dir='ltr'><strong>nentur</strong></span> <span class='ocrx_word' id='word_1_325' title='bbox 292 3669 434 3744; x_wconf 88' lang='lat' dir='ltr'><strong>evangelia</strong></span> <span class='ocrx_word' id='word_1_326' title='bbox 457 3669 554 3727; x_wconf 77' lang='lat' dir='ltr'><strong>diebus</strong></span> <span class='ocrx_word' id='word_1_327' title='bbox 580 3671 664 3727; x_wconf 87' lang='lat' dir='ltr'><strong>sacris</strong></span> <span class='ocrx_word' id='word_1_328' title='bbox 688 3669 811 3750; x_wconf 87' lang='lat' dir='ltr'><strong>praelegi</strong></span> <span class='ocrx_word' id='word_1_329' title='bbox 828 3671 926 3747; x_wconf 82' lang='lat' dir='ltr'><strong>solita,</strong></span> <span class='ocrx_word' id='word_1_330' title='bbox 948 3689 1066 3746; x_wconf 87' lang='lat' dir='ltr'><strong>quorum</strong></span> <span class='ocrx_word' id='word_1_331' title='bbox 1090 3670 1198 3727; x_wconf 86' lang='lat' dir='ltr'><strong>initium</strong></span> <span class='ocrx_word' id='word_1_332' title='bbox 1218 3691 1255 3755; x_wconf 76' lang='lat' dir='ltr'><strong>ap</strong></span> 
     </span>
     <span class='ocr_line' id='line_1_40' title="bbox 162 3753 1257 3836; baseline 0.002 -22"><span class='ocrx_word' id='word_1_333' title='bbox 162 3753 247 3836; x_wconf 76' lang='grc' dir='ltr'><strong><em>τρίτῃ</em></strong></span> <span class='ocrx_word' id='word_1_334' title='bbox 277 3755 333 3831; x_wconf 81' lang='grc' dir='ltr'><strong>τῆς</strong></span> <span class='ocrx_word' id='word_1_335' title='bbox 354 3755 590 3834; x_wconf 73' lang='grc' dir='ltr'><strong>δτακατνησέμου.</strong></span> <span class='ocrx_word' id='word_1_336' title='bbox 635 3755 762 3830; x_wconf 86' lang='lat' dir='ltr'><strong>quocirca</strong></span> <span class='ocrx_word' id='word_1_337' title='bbox 781 3753 932 3814; x_wconf 86' lang='lat' dir='ltr'><strong>hebdomas</strong></span> <span class='ocrx_word' id='word_1_338' title='bbox 952 3759 1007 3835; x_wconf 80' lang='grc' dir='ltr'><strong>τῆς</strong></span> <span class='ocrx_word' id='word_1_339' title='bbox 1027 3755 1257 3832; x_wconf 77' lang='grc' dir='ltr'><em>ἃτακαινησίμου</em></span> 
     </span>
     <span class='ocr_line' id='line_1_41' title="bbox 163 3838 1255 3917; baseline 0 -21"><span class='ocrx_word' id='word_1_340' title='bbox 163 3839 265 3896; x_wconf 88' lang='lat' dir='ltr'><strong>dicitur</strong></span> <span class='ocrx_word' id='word_1_341' title='bbox 283 3838 363 3913; x_wconf 80' lang='lat' dir='ltr'><strong>quasi</strong></span> <span class='ocrx_word' id='word_1_342' title='bbox 379 3844 526 3916; x_wconf 77' lang='lat' dir='ltr'><strong>septimana</strong></span> <span class='ocrx_word' id='word_1_343' title='bbox 537 3844 730 3914; x_wconf 76' lang='lat' dir='ltr'><strong>renovationis,</strong></span> <span class='ocrx_word' id='word_1_344' title='bbox 751 3845 807 3902; x_wconf 77' lang='grc' dir='ltr'><strong>τοῦ</strong></span> <span class='ocrx_word' id='word_1_345' title='bbox 822 3843 1042 3917; x_wconf 76' lang='grc' dir='ltr'><strong>διακατατσμοῦ,</strong></span> <span class='ocrx_word' id='word_1_346' title='bbox 1063 3857 1125 3896; x_wconf 87' lang='lat' dir='ltr'><strong>cum</strong></span> <span class='ocrx_word' id='word_1_347' title='bbox 1139 3838 1255 3897; x_wconf 87' lang='lat' dir='ltr'><strong>Christo</strong></span> 
     </span>
     <span class='ocr_line' id='line_1_42' title="bbox 162 3924 1311 4000; baseline 0.003 -19"><span class='ocrx_word' id='word_1_348' title='bbox 162 3929 327 4000; x_wconf 86' lang='lat' dir='ltr'><strong>resurgente</strong></span> <span class='ocrx_word' id='word_1_349' title='bbox 345 3924 438 3982; x_wconf 86' lang='lat' dir='ltr'><strong>omnia</strong></span> <span class='ocrx_word' id='word_1_350' title='bbox 450 3929 582 3984; x_wconf 81' lang='lat' dir='ltr'><strong>renovata</strong></span> <span class='ocrx_word' id='word_1_351' title='bbox 596 3930 625 3983; x_wconf 89' lang='lat' dir='ltr'><strong>et</strong></span> <span class='ocrx_word' id='word_1_352' title='bbox 638 3926 793 3984; x_wconf 87' lang='lat' dir='ltr'><strong>instaurata</strong></span> <span class='ocrx_word' id='word_1_353' title='bbox 805 3927 915 3984; x_wconf 82' lang='lat' dir='ltr'><strong>fuerint</strong></span> <span class='ocrx_word' id='word_1_354' title='bbox 942 3926 1065 3984; x_wconf 87' lang='lat' dir='ltr'><strong>secundo</strong></span> <span class='ocrx_word' id='word_1_355' title='bbox 1079 3929 1190 3982; x_wconf 85' lang='lat' dir='ltr'><strong>tanbrrn</strong></span> <span class='ocrx_word' id='word_1_356' title='bbox 1204 3926 1256 3984; x_wconf 87' lang='lat' dir='ltr'><strong>ab·</strong></span> <span class='ocrx_word' id='word_1_357' title='bbox 1300 3974 1311 3994; x_wconf 72' lang='grc'>,</span> 
     </span>
     <span class='ocr_line' id='line_1_43' title="bbox 164 4009 1255 4085; baseline 0.004 -19"><span class='ocrx_word' id='word_1_358' title='bbox 164 4015 209 4068; x_wconf 91' lang='lat' dir='ltr'><strong>est</strong></span> <span class='ocrx_word' id='word_1_359' title='bbox 227 4015 261 4068; x_wconf 92' lang='lat' dir='ltr'><strong>ut</strong></span> <span class='ocrx_word' id='word_1_360' title='bbox 280 4009 348 4068; x_wconf 89' lang='lat' dir='ltr'><strong>haec</strong></span> <span class='ocrx_word' id='word_1_361' title='bbox 367 4009 519 4068; x_wconf 89' lang='lat' dir='ltr'><strong>hebdomas</strong></span> <span class='ocrx_word' id='word_1_362' title='bbox 534 4011 569 4069; x_wconf 92' lang='lat' dir='ltr'><strong>ab</strong></span> <span class='ocrx_word' id='word_1_363' title='bbox 584 4011 769 4069; x_wconf 87' lang='lat' dir='ltr'><strong>exinanitione</strong></span> <span class='ocrx_word' id='word_1_364' title='bbox 789 4012 1024 4085; x_wconf 89' lang='lat' dir='ltr'><strong>ieiunantiumque</strong></span> <span class='ocrx_word' id='word_1_365' title='bbox 1044 4009 1136 4068; x_wconf 89' lang='lat' dir='ltr'><strong>inedia</strong></span> <span class='ocrx_word' id='word_1_366' title='bbox 1153 4028 1255 4070; x_wconf 90' lang='lat' dir='ltr'><strong>nomen</strong></span> 
     </span>
     <span class='ocr_line' id='line_1_44' title="bbox 162 4093 1258 4171; baseline 0.005 -20"><span class='ocrx_word' id='word_1_367' title='bbox 162 4093 314 4171; x_wconf 83' lang='lat' dir='ltr'><strong>invenerit,</strong></span> <span class='ocrx_word' id='word_1_368' title='bbox 333 4101 366 4154; x_wconf 93' lang='lat' dir='ltr'><strong>ut</strong></span> <span class='ocrx_word' id='word_1_369' title='bbox 378 4100 441 4154; x_wconf 87' lang='lat' dir='ltr'><strong>tota</strong></span> <span class='ocrx_word' id='word_1_370' title='bbox 452 4095 500 4154; x_wconf 89' lang='lat' dir='ltr'><strong>illa</strong></span> <span class='ocrx_word' id='word_1_371' title='bbox 512 4095 686 4155; x_wconf 88' lang='lat' dir='ltr'><strong>hebdomade</strong></span> <span class='ocrx_word' id='word_1_372' title='bbox 702 4097 833 4156; x_wconf 86' lang='lat' dir='ltr'><strong>ieiunium</strong></span> <span class='ocrx_word' id='word_1_373' title='bbox 846 4097 953 4156; x_wconf 86' lang='lat' dir='ltr'><strong>solvere</strong></span> <span class='ocrx_word' id='word_1_374' title='bbox 973 4095 1058 4154; x_wconf 87' lang='lat' dir='ltr'><strong>moris</strong></span> <span class='ocrx_word' id='word_1_375' title='bbox 1078 4095 1170 4154; x_wconf 86' lang='lat' dir='ltr'><strong>fuerit.</strong></span> <span class='ocrx_word' id='word_1_376' title='bbox 1212 4103 1258 4156; x_wconf 82' lang='lat' dir='ltr'><strong>te-</strong></span> 
     </span>
     <span class='ocr_line' id='line_1_45' title="bbox 162 4178 1256 4261; baseline 0.004 -25"><span class='ocrx_word' id='word_1_377' title='bbox 162 4180 215 4237; x_wconf 85' lang='lat' dir='ltr'><strong>stis</strong></span> <span class='ocrx_word' id='word_1_378' title='bbox 230 4179 380 4239; x_wconf 85' lang='lat' dir='ltr'><strong>Balsamon</strong></span> <span class='ocrx_word' id='word_1_379' title='bbox 395 4181 424 4240; x_wconf 92' lang='lat' dir='ltr'><strong>in</strong></span> <span class='ocrx_word' id='word_1_380' title='bbox 438 4198 497 4240; x_wconf 89' lang='lat' dir='ltr'><strong>can.</strong></span> <span class='ocrx_word' id='word_1_381' title='bbox 515 4178 559 4246; x_wconf 68' lang='lat'><strong>69‘</strong></span> <span class='ocrx_word' id='word_1_382' title='bbox 572 4181 674 4261; x_wconf 84' lang='lat' dir='ltr'><strong>Apost.</strong></span> <span class='ocrx_word' id='word_1_383' title='bbox 702 4183 750 4260; x_wconf 92' lang='lat' dir='ltr'><strong>qui</strong></span> <span class='ocrx_word' id='word_1_384' title='bbox 768 4203 831 4241; x_wconf 89' lang='lat' dir='ltr'><strong>cum</strong></span> <span class='ocrx_word' id='word_1_385' title='bbox 852 4181 1056 4260; x_wconf 85' lang='lat' dir='ltr'><strong>percensuisset</strong></span> <span class='ocrx_word' id='word_1_386' title='bbox 1078 4181 1137 4239; x_wconf 89' lang='lat' dir='ltr'><strong>dies</strong></span> <span class='ocrx_word' id='word_1_387' title='bbox 1154 4182 1256 4257; x_wconf 89' lang='lat' dir='ltr'><strong>quibus</strong></span> 
     </span>
    </p>
   </div>
   <div class='ocr_carea' id='block_1_4' title="bbox 162 4263 1256 4438">
    <p class='ocr_par' dir='ltr' id='par_1_8' title="bbox 162 4263 1256 4438">
     <span class='ocr_line' id='line_1_46' title="bbox 162 4263 1256 4346; baseline 0.004 -26"><span class='ocrx_word' id='word_1_388' title='bbox 162 4263 340 4325; x_wconf 88' lang='lat' dir='ltr'><strong>ieiunandum</strong></span> <span class='ocrx_word' id='word_1_389' title='bbox 356 4272 416 4344; x_wconf 89' lang='lat' dir='ltr'><strong>est,</strong></span> <span class='ocrx_word' id='word_1_390' title='bbox 444 4267 546 4346; x_wconf 85' lang='lat' dir='ltr'><strong>excipit</strong></span> <span class='ocrx_word' id='word_1_391' title='bbox 564 4275 678 4343; x_wconf 85' lang='lat' dir='ltr'><strong>quartos</strong></span> <span class='ocrx_word' id='word_1_392' title='bbox 697 4270 757 4327; x_wconf 90' lang='lat' dir='ltr'><strong>dies</strong></span> <span class='ocrx_word' id='word_1_393' title='bbox 776 4274 806 4326; x_wconf 90' lang='lat' dir='ltr'><strong>et</strong></span> <span class='ocrx_word' id='word_1_394' title='bbox 830 4285 994 4346; x_wconf 86' lang='lat' dir='ltr'><strong>parasceuas</strong></span> <span class='ocrx_word' id='word_1_395' title='bbox 1013 4285 1064 4325; x_wconf 90' lang='lat' dir='ltr'><strong>seu</strong></span> <span class='ocrx_word' id='word_1_396' title='bbox 1086 4268 1169 4327; x_wconf 80' lang='lat' dir='ltr'><strong>ferias</strong></span> <span class='ocrx_word' id='word_1_397' title='bbox 1192 4285 1256 4325; x_wconf 84' lang='lat' dir='ltr'><strong>sex-</strong></span> 
     </span>
     <span class='ocr_line' id='line_1_47' title="bbox 163 4343 1253 4438; baseline -0.004 -24"><span class='ocrx_word' id='word_1_398' title='bbox 163 4353 223 4431; x_wconf 63' lang='lat' dir='ltr'><strong>ta,</strong></span> <span class='ocrx_word' id='word_1_399' title='bbox 251 4358 409 4430; x_wconf 88' lang='lat' dir='ltr'><strong>quaesunt</strong></span> <span class='ocrx_word' id='word_1_400' title='bbox 430 4343 491 4418; x_wconf 76' lang='lat' dir='ltr'><strong>olno&#39;</strong></span> <span class='ocrx_word' id='word_1_401' title='bbox 509 4355 565 4435; x_wconf 69' lang='lat' dir='ltr'><strong>nit</strong></span> <span class='ocrx_word' id='word_1_402' title='bbox 585 4348 735 4438; x_wconf 79' lang='grc' dir='ltr'><strong>ἆτοκρέοα</strong></span> <span class='ocrx_word' id='word_1_403' title='bbox 756 4371 807 4415; x_wconf 85' lang='lat' dir='ltr'><strong>seu</strong></span> <span class='ocrx_word' id='word_1_404' title='bbox 833 4347 991 4438; x_wconf 77' lang='grc' dir='ltr'><strong><em>ἄττόκρεω,</em></strong></span> <span class='ocrx_word' id='word_1_405' title='bbox 1013 4359 1081 4416; x_wconf 89' lang='lat' dir='ltr'><strong>ante</strong></span> <span class='ocrx_word' id='word_1_406' title='bbox 1102 4352 1253 4432; x_wconf 87' lang='lat' dir='ltr'><strong>comispri-</strong></span> 
     </span>
    </p>
   </div>
   <div class='ocr_carea' id='block_1_5' title="bbox 0 0 1530 4916">
    <p class='ocr_par' dir='ltr' id='par_1_9' title="bbox 0 0 1530 4916">
     <span class='ocr_line' id='line_1_48' title="bbox 0 0 1530 4916; baseline 0 0"><span class='ocrx_word' id='word_1_407' title='bbox 0 0 1530 4916; x_wconf 95' lang='lat' dir='ltr'><strong> </strong></span> 
     </span>
    </p>
   </div>
  </div>
 </body>
</html>
