3034 4916
360 308 362 312 ¹
470 279 517 348 IN
537 276 684 350 CODINI
698 279 782 350 GAP.
799 279 863 350 xt.
1148 283 1222 356 ³15

125 447 282 528 deponentes
298 441 431 506 candidos
458 443 617 522 indurasset,
648 445 797 526 ingestione
824 450 1009 528 imperatorin
1031 455 1224 530 agamennona.

126 535 283 594 mutationis
294 549 403 591 eausam
418 532 599 610 praeeuntibus
611 535 752 612 inperator
765 537 892 607 auauit3
911 533 1000 612 pridie
1009 543 1114 615 propter
1118 535 1222 616 seston

126 618 196 678 dison
210 617 274 676 illos
286 617 358 677 otios
370 616 505 688 induisse3
524 637 595 676 nome
607 617 654 676 illo
664 622 807 697 prodente
820 638 913 679 rursus
920 617 1022 698 fratris
1041 627 1067 681 et
1082 625 1223 704 inperato-

126 705 166 763 ris
180 699 338 784 (Asedronioi
351 700 480 780 lunion's)
493 708 599 762 marton
611 703 663 762 sibi
674 703 824 782 lugendum.

191 805 247 871 ab.
268 821 295 861 v.
320 805 367 866 16.
393 801 503 860 intuere
525 808 555 861 et
573 801 665 862 auimo
689 821 822 863 venerare
843 802 1034 864 sanctissimae
1050 802 1164 882 rhg‘uis
1177 806 1222 866 or·-

127 892 229 949 ctor'ioe
242 888 383 966 effeetoioio
395 887 543 965 imaginem
556 906 619 946 cum
632 887 752 967 imagine
764 891 795 950 S.
810 889 932 966 Georgii.
974 890 1028 948 fruit
1049 889 1119 949 haee
1138 888 1223 950 Nico·

127 992 218 1053 poeae
231 972 346 1050 virginis
359 972 451 1050 imago
464 974 524 1032 sine
538 971 623 1031 dubio
636 973 684 1032 illa
697 993 782 1050 quam
795 972 915 1033 loannes
929 973 1091 1034 comnenus
1104 975 1225 1054 impera-

127 1063 175 1117 tor
188 1078 241 1119 suo
254 1059 316 1118 loco
330 1058 420 1116 currui
439 1058 600 1139 triumphali
620 1059 753 1139 imposuit
771 1059 847 1120 velut
865 1059 1021 1138 Victoriae,
1048 1079 1133 1137 quam
1152 1057 1226 1118 obti-

127 1149 245 1221 nuerat,
263 1147 367 1204 amcam
387 1142 549 1220 effectricem.
578 1162 604 1203 v.
618 1143 709 1204 Nicet
724 1145 815 1204 Chon.
828 1166 856 1225 p.
871 1146 915 1204 ed.
929 1145 1019 1204 Bonn.
1034 1150 1086 1210 26.
1126 1144 1224 1202 viden·
1239 1141 1262 1200 1³
1279 1145 1332 1202 233

127 1234 176 1287 tur
190 1235 285 1288 autem
297 1228 370 1287 hanc
384 1227 428 1286 dei
440 1229 581 1306 genitricis
597 1229 746 1308 imaginem
758 1249 852 1289 secum
872 1229 1003 1290 extulisse
1024 1230 1053 1288 in
1072 1229 1227 1308 expeditio-
1318 1244 1330 1270 ⁹

125 1330 187 1374 nee.
230 1313 295 1372 hinc
315 1313 431 1374 Nicetes
451 1313 605 1374 Choniates
624 1315 654 1374 in
673 1316 789 1396 imperio
810 1314 987 1395 Murnuphli:
1007 1312 1098 1396 ἠτῆς
1110 1311 1226 1394 θεομή-

125 1421 217 1481 topos·
246 1390 354 1472 alneio,
384 1394 425 1478 ἢν
447 1399 479 1462 oi
498 1401 628 1481 βασιλεῖς
653 1397 803 1481 Ῥωμαίων
825 1403 985 1464 ποιοῦνται
1010 1395 1226 1484 συστράτηγον,

126 1491 192 1558 τοῖς
209 1482 358 1559 ἐναντίοις
372 1480 513 1548 tribunes.
554 1486 640 1544 etiam
659 1479 807 1546 Heraclius
825 1486 982 1567 imperator·
996 1485 1144 1564 imaginem
1159 1503 1225 1543 san-

127 1569 268 1630 ctissimae
288 1569 402 1648 virginis
424 1569 453 1628 in
476 1570 602 1631 militiam
624 1572 756 1651 praesidii
774 1591 859 1632 eausa
878 1569 1043 1631 abducebat
1085 1569 1225 1633 Asamus

124 1653 223 1715 Britto
236 1657 266 1715 in
277 1655 406 1716 obsidione
419 1653 553 1716 Boionici
572 1654 691 1726 Montis,
710 1655 801 1734 fretus
821 1659 936 1732 imagine
958 1656 1101 1715 dominicus
1120 1658 1224 1729 maisin

127 1759 210 1819 poam
228 1744 311 1800 urnis
328 1744 386 1798 suis
411 1742 545 1812 innuerat,
572 1745 717 1822 nongentos¹
733 1740 846 1798 bostiam
865 1741 936 1798 solus
954 1739 1065 1798 adanae
1077 1740 1227 1800 inmedibili
1269 1765 1271 1768 ·

125 1824 209 1884 caedo
225 1825 402 1904 profligarit,
424 1828 456 1882 ut
474 1823 574 1882 scribit
592 1821 757 1884 Wilhelmus
776 1823 1031 1883 malmesburiensis
1051 1822 1071 1882 l.
1087 1829 1102 1890 1
1116 1826 1152 1884 de
1166 1825 1226 1884 Ge-

126 1910 181 1968 sh's
194 1927 293 1986 regum
304 1908 424 1987 Angliae
436 1928 460 1968 c
477 1912 504 1972 1.

201 2005 266 2062 ibid.
294 2005 345 2074 τῆς
368 2005 524 2075 σικσπσιοῦ]
547 2004 614 2076 qnod
638 2003 715 2058 dubie
743 2006 900 2073 Gretserus,
929 2005 1016 2058 certus
1040 2021 1127 2058 assero
1152 2001 1229 2060 divae

129 2072 663 2199 ltillllltsslttdtffltellit
679 2072 1113 2198 tlltffittslildtllt:
1123 2075 1229 2198 alili?

129 2215 250 2285 amphum
266 2161 326 2267 acii
341 2161 586 2281 loque-nmgnvgrbn
607 2208 659 2274 soie
682 2213 763 2274 νίκας
784 2213 821 2282 τῇ
841 2207 997 2281 &rupicosa
1018 2161 1228 2282 ὥῳσυστρατη-

129 2277 218 2352 pe'rsds
233 2275 333 2352 ἀμάχῳ
355 2273 583 2351 ἰτσιγραφόμστσς.
612 2282 656 2351 qui
673 2283 747 2336 etiam
764 2281 885 2351 triumphi
901 2297 1019 2363 pompam
1034 2232 1067 2335 ba
1082 2278 1164 2337 edet
1178 2277 1229 2337 ’ων

128 2351 226 2404 πυλῶν
248 2351 299 2418 τῆς
320 2343 475 2412 nitescis
496 2345 566 2404 abab
592 2346 625 2403 rb
649 2348 719 2472 με’ἰα
740 2345 878 2403 notiam
906 2350 992 2403 durat.
1031 2349 1137 2404 Mannel
1189 2351 1228 2406 ios

131 2421 226 2486 eidem,
251 2419 289 2474 ait
310 2417 377 2470 illius
399 2417 468 2471 ritae
490 2418 509 2473 1.
536 2417 568 2484 5,
591 2419 684 2491 triump
702 2435 743 2472 um
767 2433 814 2472 ceu
836 2413 1007 2490 ἅπρσσμάχφ
1029 2415 1160 2491 συμμάχῳ
1179 2417 1229 2473 nal

113 2482 343 2559 uinoaapowirrp
359 2487 538 2559 συστρατηγῷ
553 2489 643 2541 norit

215 2578 252 2637 ab.
266 2596 293 2636 v.
306 2579 353 2639 17.
373 2575 405 2634 S.
416 2574 531 2653 Georgii
545 2573 649 2653 imago]
666 2573 784 2635 forsitan
794 2572 864 2634 haec
877 2571 925 2632 illa
939 2578 985 2631 est
994 2591 1028 2631 ex
1041 2592 1098 2650 qua
1113 2576 1229 2654 sangui-

131 2680 196 2722 nem
208 2678 339 2721 manasse
351 2660 448 2720 scribit
461 2660 644 2740 Paohymeres
657 2658 676 2718 l.
690 2664 709 2725 7
724 2659 822 2718 histor.
841 2663 917 2718 certe
929 2657 977 2717 illa
988 2665 1033 2717 est
1046 2659 1123 2719 cuius
1137 2680 1228 2738 equus

131 2735 270 2828 <equitem
288 2747 362 2805 enim
379 2737 448 2806 haec
464 2747 557 2825 imago
576 2748 607 2806 S.
633 2745 786 2823 Georgium
805 2741 966 2824 exhibebat)
995 2743 1136 2805 horrendo
1160 2767 1229 2826 pro·

100 2853 109 2867 ¹
132 2834 209 2911 digio
230 2832 386 2892 horrificum
405 2831 544 2892 hinnitum
559 2831 648 2891 edidit
666 2830 720 2890 sub
741 2827 902 2889 Andronico
921 2830 1030 2888 seniore
1050 2831 1229 2912 imperatore,

131 2919 217 2996 paulo
242 2925 308 2978 ante
329 2936 414 2994 quam
429 2917 520 2976 iunior
539 2915 716 2977 Andronicus
736 2913 849 2995 Cpolim
868 2921 1026 2995 occuparet.
1068 2918 1229 2995 prodigium

132 3001 187 3062 hoc
200 3003 332 3063 describit
345 3002 487 3081 Gregoras
501 3002 519 3062 l.
534 3007 554 3070 8
569 3025 598 3084 p.
612 3003 674 3068 303
688 3000 779 3060 Bona.
820 3019 855 3060 ex
877 3000 954 3060 cuius
968 3002 1127 3060 narratione
1141 3003 1230 3062 habes

132 3085 206 3148 hauc
220 3083 266 3148 Ἰ).
286 3088 402 3165 Georgii
420 3095 579 3165 equestrem
598 3087 762 3165 imaginem,
789 3090 871 3144 tanto
892 3085 1024 3146 mhacrnlo
1044 3087 1230 3167 nobilitatam,

133 3192 196 3232 esse
208 3174 283 3233 illam
297 3175 334 3231 de
348 3190 405 3248 qua
416 3173 461 3233 hic
474 3173 656 3252 curopalate.
697 3172 762 3230 vide
774 3190 847 3248 quae
865 3170 901 3229 de
923 3173 952 3230 S.
974 3171 1098 3247 Georgio
1118 3173 1216 3251 scripsi
1228 3217 1230 3222 .

133 3277 196 3316 mus
209 3259 228 3316 l.
244 3261 264 3319 2
275 3258 311 3315 de
324 3258 403 3316 festis
418 3281 441 3319 c.
455 3264 494 3324 6:
526 3257 639 3317 consule
651 3257 736 3316 etiam
748 3255 946 3315 Adamannum
959 3253 1230 3316 Scotumhbbatem

135 3345 172 3402 de
192 3343 250 3402 situ
270 3341 376 3400 Terrae
395 3349 523 3419 sanetae,
551 3361 641 3420 nuper
664 3360 682 3399 a
706 3341 788 3400 nobis
807 3341 930 3418 editum,
954 3339 1230 3420 1.3,ubimirade

134 3433 258 3505 quadam
273 3428 303 3486 S.
318 3425 432 3505 Georgii
443 3428 564 3503 imag'ue
578 3427 707 3505 reperies.

220 3529 256 3588 ib.
278 3547 305 3587 v.
325 3527 376 3591 20.
409 3526 559 3608 peripaton
578 3526 749 3587 commodius
777 3542 836 3583 non
855 3530 947 3584 vertes
969 3543 1054 3602 quam
1074 3528 1099 3586 si
1119 3546 1232 3608 proees-

135 3614 243 3673 sionem
259 3617 368 3671 vertas:
387 3618 432 3669 est
445 3611 518 3670 enim
533 3611 563 3669 id
582 3612 659 3686 quod
674 3610 808 3670 Germani
820 3616 922 3670 vocant
936 3611 984 3670 den
996 3614 1139 3688 uoubgong.
1168 3613 1233 3670 vide

136 3717 211 3774 qnae
220 3697 274 3756 hac
287 3697 323 3754 de
336 3713 367 3754 re
381 3697 497 3756 diximus
508 3694 526 3755 l.
544 3698 561 3760 1
575 3697 611 3754 de
625 3695 710 3754 seems
732 3695 972 3775 processionibus,
990 3717 1012 3754 c
1038 3699 1064 3759 1.
1085 3695 1180 3754 Iunius
1202 3701 1233 3755 et

137 3784 242 3860 ubique
259 3777 379 3842 nabaiot
394 3787 424 3840 et
437 3781 627 3842 unbdotiones
637 3781 774 3858 somniat,
795 3785 828 3838 ut
846 3799 952 3840 morem
965 3799 1105 3840 sacrarum
1118 3799 1233 3862 prooes-

137 3869 247 3928 sionum
259 3865 491 3947 supplicationum
501 3873 532 3926 et
548 3867 706 3926 litaniarum
719 3866 854 3926 obfirseet.

207 3967 243 4019 ib.
260 3981 287 4018 v.
305 3965 347 4020 et.
372 3958 466 4048 trebel
486 3963 536 4018 huo
560 3980 635 4048 roos·
648 3979 699 4016 non
722 3963 815 4050 nudans
843 3961 1073 4048 supplicationem,
1098 3961 1144 4015 ssd
1164 3961 1232 4018 inter

137 4033 424 4172 irllllllblllllbngicillm
444 4049 501 4088 srva
523 4047 720 4104 ρτσσστσιστισστ,
743 4034 881 4104 srgnrficars
897 4033 992 4118 dorato
1008 4033 1174 4086 monstratum
1191 4037 1233 4088 est

223 4212 251 4270 p.
266 4195 309 4256 70
319 4213 345 4250 v.
358 4195 386 4256 3.
408 4191 445 4249 de
464 4191 584 4268 imagine
603 4192 717 4269 virginis
737 4190 927 4269 Hodegetriae
944 4210 968 4249 c
990 4207 1049 4263 seq.
1063 4188 1145 4268 plura
1157 4191 1232 4271 ipse·

141 4280 200 4335 met
213 4278 348 4338 Codinns.
388 4295 448 4337 non
467 4283 528 4336 erat
545 4278 683 4338 ordinarie
707 4276 835 4358 insula,
861 4276 913 4336 sed
933 4275 964 4336 iu
984 4276 1153 4338 monasterio
1170 4281 1232 4340 soie
