2942 4916
486 349 532 416 IN
552 348 702 418 CODINI
723 349 808 420 csP.
834 351 895 418 lv.
1159 349 1247 428 ‚243

142 521 216 576 mem
243 513 476 593 Thaumastum,
503 523 540 573 ue
566 515 728 594 imperatori
755 500 919 590 maledicos}
955 533 1014 576 uon
1041 501 1248 598 obtemperanti

142 601 278 684 imposuit
299 599 409 677 aliquot
429 600 529 679 plagas
550 618 601 660 seu
625 601 714 677 ictus,
739 597 795 663 τόν
822 596 1021 682 σειρομαίστην
1046 602 1189 680 ἐντείνας.
1218 607 1250 665 S.

143 687 335 762 Hieronymus
349 685 431 763 epist.
446 687 504 749 53:
526 686 582 762 lega·
594 689 662 744 enim
680 691 833 745 τιίοιιιαιίοιι
848 687 971 761 Phineas,
990 692 1170 749 austeritatem
1190 689 1251 750 He-

143 773 213 841 ltue;
234 771 283 828 ubi
296 777 326 830 et
338 771 402 850 ipse
416 789 467 847 pro
482 771 560 829 ίιοοίο
574 769 685 829 videtur
698 771 864 830 siromasten
878 773 1011 853 accipere.
1033 770 1144 852 Ioseph.
1161 777 1251 852 antiq.
1362 819 1363 824 ι

143 854 166 920 4
181 861 200 922 6
214 857 303 915 vertit
314 856 496 932 romphaeam:
517 856 617 916 παίων
641 861 680 940 τῇ
698 857 837 940 ῥομφαίᾳ
850 853 1014 920 lateran.
1035 856 1195 934 Hesychius
1210 862 1252 920 ait

132 935 344 1021 ισειρομιίστην
364 958 426 998 esse
448 935 528 1014 εἶδος
542 936 656 1022 trinos.
678 942 709 999 S.
722 941 801 1007 Hie.
821 944 851 1002 iu
870 947 930 1006 cz
949 942 1069 1014 Malacht
1083 943 1253 1023 iuterpreta-

144 1032 193 1084 tur
207 1019 406 1105 σειρομᾶστην
418 1029 574 1102 pugiones,
596 1031 630 1082 ut
649 1031 680 1084 et
701 1025 788 1085 Num.
814 1029 863 1093 25.
878 1031 910 1088 at
923 1028 944 1090 3
958 1027 1031 1106 Reg.
1056 1030 1095 1093 ,18
1113 1027 1175 1088 etl.
1191 1027 1212 1092 4
1227 1045 1252 1090 τ’.

146 1112 188 1172 11
211 1111 326 1170 bartam.
351 1110 455 1184 Suidas
481 1103 676 1190 σειρομιίστης
708 1106 787 1185 κίδος
812 1107 970 1189 οἷκοντίου,
1000 1107 1099 1193 λόγχη,
1130 1113 1252 1174 Ioannes

145 1195 286 1255 Taetues:
314 1193 422 1258 πολλοὶ
448 1191 503 1274 μὲν
526 1191 562 1257 sd
586 1189 728 1258 ἀκόντιον
750 1200 876 1260 καλοῦσι
905 1195 1121 1280 σειρομοίστην,
1152 1193 1253 1282 doaso

146 1273 206 1344 κα’ν
221 1283 261 1366 τῇ
276 1277 382 1354 Φινεὲς
392 1285 505 1342 νοεῖται
519 1279 634 1365 ίστορίρι
647 1285 700 1340 etc.
714 1281 826 1362 κυρίως
840 1279 874 1345 δὲ
889 1279 1028 1365 σιδήριον
1042 1287 1105 1344 τοῖν
1115 1287 1254 1346 τελωνῶν

146 1359 291 1445 tatoni,
318 1362 361 1440 οἱς
380 1361 471 1446 μέγας
491 1358 645 1446 ὅβείίσιιος
662 1387 708 1439 τις
730 1358 948 1450 pistrinorum
973 1363 1194 1442 :adstrinxeris
1216 1365 1255 1431 τοί

147 1445 464 1528 κλεπτοτελοονοιίμενα
483 1454 590 1512 νοοῦσι
604 1447 656 1512 καί
676 1455 848 1530 κρατοῦσιν.
868 1454 980 1511 videtur
993 1453 1117 1512 omnium
1129 1472 1252 1514 commo-
1270 1444 1293 1500 Ρ
1309 1445 1361 1500 2⁰²

148 1536 263 1594 dissime
276 1535 347 1594 verti
360 1536 440 1615 apud
453 1533 653 1614 curopalatem
667 1535 747 1596 telum
772 1556 823 1595 seu
840 1541 942 1617 pugio,
964 1537 1193 1616 quandoquidem
1215 1539 1253 1598 si-

27 1648 34 1662 ·
57 1671 59 1684 .
148 1624 288 1680 romastes
301 1619 444 1678 ferebatur
456 1640 475 1680 a
488 1640 591 1697 magno
606 1621 715 1680 tzausio
729 1640 763 1680 ex
777 1622 890 1682 sinistra
902 1628 985 1701 purte
997 1642 1093 1683 zonae.
1115 1625 1156 1684 ait
1165 1626 1255 1684 Codi-

148 1726 205 1765 uus
219 1707 294 1765 hunc
306 1706 472 1766 siromasten
485 1705 571 1782 vulgo
584 1706 677 1764 vocari
695 1706 815 1770 mltbam.
836 1705 897 1766 Leo
917 1708 988 1787 Imp.
1009 1709 1132 1769 Constit.
1152 1711 1186 1772 7:
1210 1711 1255 1784 τίς

149 1787 188 1854 sd
203 1792 294 1871 ῥῖψαι
312 1786 449 1870 μηκόθεν
467 1783 625 1870 ριιττοίριον
650 1787 702 1852 καί
731 1787 1009 1872 ματζοβοίρβουίον,
1036 1789 1111 1874 ὅπερ
1139 1791 1255 1876 λέγεται

150 1880 212 1942 νῦν
227 1870 371 1956 σαλίβαιῖ
390 1871 443 1936 καί
458 1870 644 1956 τζηκοιίριον.
671 1873 844 1935 Glossarium
863 1877 960 1936 scribit
979 1874 1255 1961 μαρτζομοίβουλου.

152 1957 318 2038 Anonymus
343 1957 472 2019 debello
492 1979 587 2019 sacro:
618 1961 743 2040 σαλίβας
763 1957 844 2041 εἶχον
868 1956 1037 2043 τουρκικοίς.
1069 1962 1167 2023 Iunius
1190 1965 1259 2024 dicit

153 2047 281 2126 σαίίβαν
295 2065 358 2105 esse
370 2065 467 2104 vocem
479 2044 636 2106 Arabicam.
657 2051 689 2105 at
702 2049 845 2122 quomodo
858 2048 913 2106 scit
925 2066 987 2108 esse
1006 2045 1175 2126 Arabicam,
1194 2069 1273 2112 cunm

152 2132 261 2192 nesciat
290 2132 358 2210 quid
385 2130 544 2211 siguificat?
578 2145 636 2192 non
663 2131 738 2193 emm
764 2140 810 2194 est
839 2133 966 2196 militaris
998 2133 1094 2214 clava,
1127 2140 1160 2194 ut
1190 2140 1260 2196 ante

154 2217 282 2277 diximus.
641 2224 646 2256 s

225 2299 343 2352 indicunt
373 2297 417 2368 qui
444 2297 587 2352 Meursium
614 2301 767 2369 sequuntur,
798 2301 827 2353 at
854 2315 904 2354 non
935 2300 1064 2370 attingunt
1087 2289 1160 2354 vocis
1184 2298 1260 2354 huius

158 2385 268 2422 sensum.
303 2367 435 2421 siromaste
461 2368 612 2422 siromasten
641 2368 764 2438 exploro,
796 2372 823 2420 ct
853 2371 923 2422 velut
951 2363 1260 2437 κίοιττοτείωνοιίμενον

155 2437 185 2494 in
211 2435 326 2490 obscuris
351 2435 457 2489 Taetais
481 2435 633 2506 carminibus
657 2436 746 2504 (Chii.
778 2438 813 2492 1³
834 2436 875 2489 tit.
902 2438 965 2500 492)
989 2439 1048 2492 soni
1076 2435 1126 2491 καί
1153 2437 1259 2504 κρατοῖ.

155 2506 342 2562 mercatoribus
359 2523 391 2558 ex
408 2505 519 2560 Oriente
534 2521 632 2558 merces
649 2505 843 2576 exportantibus
858 2523 909 2558 non
926 2507 997 2576 prius
1013 2507 1075 2560 licet
1097 2521 1141 2559 eas
1163 2507 1191 2558 in
1213 2521 1263 2558 ua-

71 2577 74 2582 '
156 2591 205 2628 ves
222 2592 361 2644 congerere
377 2573 420 2626 vel
438 2592 454 2626 e
471 2579 545 2644 portu
562 2573 707 2639 abducere,
731 2589 806 2644 quam
827 2575 996 2642 veodgalibus
1019 2573 1167 2643 colligendis
1184 2590 1263 2644 prae·

156 2643 221 2698 fecti
237 2659 338 2712 sagmas
355 2659 441 2696 omnes
462 2649 489 2695 et
505 2659 568 2695 vasa
585 2642 742 2703 examinent,
761 2655 794 2696 ne
814 2639 977 2714 pretiosiores
996 2645 1038 2698 vel
1057 2643 1187 2714 exportari
1200 2659 1262 2712 pro·
1329 2656 1333 2665 ·

156 2713 254 2768 hibitus
270 2713 318 2764 sub
334 2711 468 2765 vilioribus
483 2718 511 2764 et
528 2710 603 2764 licitis
622 2711 755 2764 occultent
779 2712 831 2779 illi,
858 2720 889 2765 ut
912 2713 950 2766 ita
975 2713 1018 2766 vel
1041 2713 1073 2766 de
1097 2711 1261 2832 semipedum

157 2781 243 2866 pretio
260 2781 411 2834 defraudent
426 2781 469 2834 rel
485 2780 593 2851 principi
609 2781 692 2848 legem
715 2781 810 2834 ferenti
833 2781 950 2835 subtilius
970 2781 1086 2836 illudunt.
1126 2798 1176 2850 exp
1187 2792 1262 2832 orant

157 2856 248 2920 utaque
264 2849 391 2920 publicani
408 2866 509 2918 sagmas
535 2855 562 2903 et
586 2856 671 2902 strues
696 2849 865 2918 sarcinarios,
888 2857 915 2904 et
941 2851 1075 2919 colligatas
1098 2848 1262 2920 quantumvis

158 2917 322 2976 strictissime
337 2919 380 2972 vel
399 2917 559 2972 tenacissime
579 2919 679 2971 iunctas
701 2919 778 2988 longo
800 2927 929 2991 acutoque
951 2922 1022 2975 terro
1045 2919 1206 2989 perfodiunt,
1234 2925 1263 2972 et

158 3003 238 3073 sensu
254 2988 318 3040 duce
334 2988 543 3070 experientiaque
558 2987 698 3072 magistra!
726 2987 793 3056 quod
810 2989 866 3060 ipse
884 2985 940 3042 visu
963 3005 1018 3042 sum
1045 2994 1179 3058 expertus,
1203 3004 1263 3066 num

159 3057 1264 3200 ttttnitlttsttttttttittttimttttttltutatuta

159 3195 267 3252 beribus
285 3193 400 3248 dolorum
420 3195 532 3248 artifices
548 3194 703 3266 puniantur,
727 3211 759 3248 ac
781 3196 854 3263 regio
870 3195 927 3248 iure
944 3194 1105 3248 detineantur
1122 3210 1220 3247 merces
1238 3197 1266 3246 et

161 3263 314 3318 addicantur
330 3263 402 3317 fisco.
436 3269 553 3316 verutum
571 3268 655 3317 autem
675 3261 852 3332 illudlongius
869 3264 1028 3328 statarius,
1053 3280 1085 3316 ex
1106 3263 1193 3346 aliqua
1209 3277 1267 3316 cum

160 3335 278 3404 pugione
295 3334 348 3386 telo
365 3334 443 3386 basta
459 3331 640 3398 similitudine,
657 3329 837 3402 σειρομοίστης
852 3332 895 3384 vel
912 3330 1086 3398 σειρομοίστις
1100 3331 1188 3384 audit:
1206 3330 1268 3416 quia

162 3418 228 3456 vero
244 3399 411 3471 praecipitem
427 3409 595 3454 mercatorum
611 3399 638 3453 iu
656 3401 821 3471 exportandis
839 3399 963 3453 mercibus
980 3399 1136 3469 diligentiam
1155 3400 1270 3472 reprrurit
1378 3422 1379 3426 ¹

164 3478 194 3524 et
209 3467 315 3524 fraudes
332 3474 450 3536 coercet,
476 3468 593 3589 calipius
607 3469 650 3522 vel
666 3467 795 3540 ουίιβοίρι
812 3468 903 3538 vulgus
920 3486 936 3524 a
955 3471 1047 3538 pellat,
1067 3475 1176 3538 frenum
1192 3469 1269 3522 vide·

163 3540 236 3596 licet.
270 3540 341 3593 bisce
357 3539 498 3610 perspectis
516 3539 541 3592 ni
568 3537 727 3590 difficultatis
749 3544 864 3592 remanet
888 3538 915 3591 in
937 3488 1038 3592 l'zetze
1061 3541 1160 3610 absque
1184 3538 1268 3591 inter-

162 3608 311 3683 pretatione
328 3625 345 3661 a
364 3607 476 3677 Rigaltio
494 3607 607 3660 Meursio
624 3612 652 3657 et
670 3607 810 3668 Gretrem,
829 3607 921 3667 relato,
939 3606 975 3660 nil
990 3607 1154 3662 obscuritatis
1170 3605 1197 3660 in
1210 3606 1267 3658 He·

166 3677 268 3746 sychio‚
286 3678 320 3730 nil
338 3677 405 3748 quod
422 3692 516 3730 moram
534 3675 614 3728 iaciat
625 3673 652 3727 in
663 3674 772 3730 Codino.
806 3676 966 3745 Hesychius:
981 3673 1162 3745 σειρομοίοτης
1171 3669 1270 3734 σκεῦός

166 3765 196 3802 τι
217 3746 367 3816 σιδηροῦν,
393 3740 461 3814 ὅπερ
489 3741 519 3798 ol
542 3741 660 3797 asiduus
681 3738 753 3806 πρὸς
777 3738 893 3807 ἔρευναν
918 3741 1024 3830 ἔχουσι,
1047 3740 1137 3816 λαβὴν
1153 3743 1268 3812 ξυλίνην

168 3811 244 3886 ἔχον.
280 3831 326 3868 cur
341 3814 405 3868 iliud
421 3817 448 3867 in
464 3830 531 3866 sous
548 3819 622 3882 gerat
635 3812 762 3879 uanior,
778 3812 839 3866 alibi
855 3813 1011 3868 discutimus.

223 3967 226 3970 -
253 3949 283 4008 p.
298 3925 339 3990 24
353 3947 379 3987 V.
396 3931 444 3992 11.
466 3921 630 4011 ἇμηροίίιος
640 3932 670 3986 et
684 3920 848 4007 ἆμηροίίης.
866 3929 1020 4008 praefectus
1033 3929 1135 4000 maris,
1149 3945 1183 3985 ex
1196 3922 1270 3984 Ara·

90 4074 97 4090 ‚
168 4015 233 4074 bico
259 4017 347 4072 amira
367 4033 418 4072 seu
439 4017 556 4088 amiras,
582 4013 675 4088 inquit
703 4012 816 4090 Iunius,
847 4019 878 4072 et
901 4014 1010 4073 Gracco
1033 4007 1119 4086 ἅλιος
1143 4014 1270 4074 mum‘aos.

168 4099 270 4160 ¹credat
283 4098 331 4174 qui
343 4098 433 4158 volet:
454 4118 508 4176 ego
522 4116 667 4158 assensum
679 4097 802 4159 cohibeo.
825 4099 937 4157 tramit
952 4117 1007 4156 vox
1028 4097 1096 4155 baec
1120 4097 1157 4154 ad
1173 4095 1271 4154 Gallos

167 4184 260 4248 Italos
273 4189 303 4242 et
318 4182 401 4262 alios,
416 4184 517 4261 quibus
531 4183 646 4243 admisci
655 4188 699 4241 ast
712 4184 869 4261 praefectus
884 4183 968 4244 maris
982 4200 1032 4241 seu
1046 4181 1270 4240 thalassiarchus.

171 4271 250 4348 quod
268 4287 371 4328 nomen
394 4271 454 4330 sive
473 4269 602 4329 absolute
624 4287 676 4346 pro
697 4268 822 4346 principe
845 4269 939 4346 gentis
967 4267 1026 4326 sive
1046 4285 1099 4347 pro
1128 4267 1274 4346 praefecto·

169 4355 255 4417 suuis
268 4355 438 4436 accipiatur,
457 4345 569 4418 mirilico
582 4373 600 4416 a
613 4351 723 4415 Latiu'u
743 4353 926 4436 scriptoribus
946 4354 1086 4426 vadatur:
1107 4359 1141 4412 ut
1160 4349 1272 4414 ostendi
