2958 4918
262 311 335 386 160
424 309 635 382 GRETSERI
647 309 704 380 ΕΤ
718 307 850 378 Golia
863 307 1199 380 COMMENTARIUS

257 495 308 537 cur
327 473 457 538 Godlous
469 493 558 538 wana
575 476 715 538 duntaxat
730 473 879 558 nominati
898 491 937 538 an
952 494 1040 536 unum
1054 475 1229 536 nominando
1244 473 1371 556 rellqms

257 559 468 640 subintelligit?
487 581 525 623 an
539 562 596 623 iste
615 560 800 624 chartularius
814 561 863 640 qui
878 561 909 622 in
922 579 999 625 nona
1013 564 1153 643 pentade,
1175 562 1305 624 dranus
1326 569 1372 624 est

256 666 277 708 a
301 645 475 708 chartulariis
498 665 619 727 magnae
640 647 774 727 sacellae,
802 645 1007 727 sceuophylacii
1032 647 1101 708 etei
1127 647 1181 708 sed
1201 648 1282 725 quod
1308 649 1373 710 offi-

257 731 355 793 aunt
372 731 467 792 Iunius
478 735 622 814 expedite:
643 735 751 796 utinam
763 751 837 795 vere.
862 731 881 798 o'
889 729 1105 815 γαρτοολᾶριος
1118 735 1291 814 quipubls'cis
1308 735 1374 794 lite·

258 821 299 878 ris
320 817 419 877 wirici
440 821 674 898 instrumentisque
697 819 824 880 arado
846 825 873 879 cl
890 819 1070 879 retractandis
1090 823 1251 880 comitiatus
1271 824 1321 880 est.
1342 825 1372 879 at

256 902 314 964 hoc
327 903 448 964 officium
461 906 585 983 pertinet
597 905 636 966 ad
654 903 899 983 chartophylacem
916 904 1033 984 eiusque
1054 904 1239 966 chartularios
1253 923 1307 964 seu
1320 905 1373 964 ad·

258 988 418 1068 mannos,
445 989 515 1052 item
535 989 574 1051 ad
591 991 818 1071 protonotarium
842 995 872 1050 et
892 988 1004 1052 sinrilcs.
1032 1009 1070 1051 aa
1100 989 1287 1052 dannanus
1317 991 1373 1049 iste

258 1074 334 1134 inter
357 1073 475 1134 lectores
495 1075 634 1156 peculiare
651 1077 787 1158 quiddam
803 1075 965 1156 obtinebat,
984 1076 1096 1138 ratione
1117 1077 1195 1138 cuius
1211 1074 1394 1160 amman,

260 1177 365 1220 noman
375 1161 542 1244 aecumst
726 1153 731 1161 ’

332 1293 520 1370 mgistrorum,
536 1299 692 1371 chartarum,
712 1298 886 1354 codicillorum
903 1313 968 1354 unus
985 1297 1035 1354 sibi
1045 1299 1190 1370 inpositurn
1200 1300 1245 1358 vol
1255 1299 1313 1354 solo
1326 1316 1375 1354 no·

262 1367 331 1424 mine
341 1371 510 1424 chartularius
527 1369 637 1424 iudicat:
663 1386 769 1438 quorum
786 1385 850 1421 uero
867 1370 1104 1423 commentariorum
1123 1387 1210 1425 curam
1229 1371 1376 1440 susceperit

259 1438 306 1494 hic
319 1439 453 1508 privatim,
472 1456 506 1492 ex
525 1439 646 1509 generice
656 1438 831 1522 communique
842 1454 909 1492 voce
918 1455 970 1491 non
981 1439 1060 1493 facile
1073 1439 1257 1508 assignaveris.
1290 1439 1376 1492 sacal-

262 1507 329 1562 lario
349 1512 375 1561 et
392 1524 530 1562 οοοοιιοοιο
549 1508 649 1578 pariter
664 1507 772 1576 legimus
784 1524 815 1561 ra
827 1508 1003 1582 superioribus
1021 1509 1201 1562 chartularium
1219 1507 1376 1575 adiunctum,

260 1575 374 1641 laboris,
396 1582 427 1630 ut
444 1577 481 1631 ait
501 1577 652 1644 nnuman,
680 1573 879 1646 uuppspsurriua
901 1577 944 1630 hic
960 1594 1024 1630 vcro
1042 1578 1154 1632 lectores
1171 1577 1240 1631 iatcu
1262 1583 1291 1630 at
1311 1594 1376 1630 can·

262 1651 336 1699 tures
357 1647 499 1700 recensitus
524 1645 712 1701 commentariis
731 1653 759 1701 et
776 1645 903 1699 memoriis
921 1663 972 1698 non
993 1646 1111 1716 invigilat
1128 1647 1186 1701 aliis
1209 1662 1288 1716 quarn
1306 1662 1376 1716 quas

263 1713 376 1769 lecturas
396 1722 424 1769 et
440 1721 559 1770 matures
571 1716 686 1783 decent,
704 1713 884 1769 ecclesiasticis
894 1713 1015 1769 videlicet
1029 1715 1102 1770 libris
1113 1715 1289 1788 proterendis,
1306 1731 1376 1784 quo·

265 1799 323 1838 rum
333 1783 408 1854 copia
419 1801 475 1838 cum
487 1785 644 1854 trigesimum
656 1791 762 1855 superet
773 1799 914 1838 numerum.
926 1784 1057 1838 custodem
1070 1787 1199 1855 privatum
1218 1801 1270 1838 uuu
1286 1783 1377 1838 imnac-

263 1852 316 1908 utto
336 1853 386 1906 sibi
402 1855 518 1924 exposcit
538 1854 725 1922 assignandum.
760 1855 825 1907 hacc
846 1853 972 1908 Δοιοιιὶοι
989 1853 1075 1908 Graiis
1093 1854 1140 1908 ΟΡ
1158 1855 1241 1908 lector
1259 1853 1375 1921 rettulit3

264 1921 307 1976 cni
329 1939 381 1976 aaa
401 1924 518 1994 displicet
535 1929 703 1976 memoratum
725 1923 758 1976 ab
775 1922 910 1976 dilationis
925 1921 1049 1976 decanum
1067 1941 1123 1978 curn
1139 1923 1294 1977 chartulario
1311 1940 1376 1976 cuu-

263 1990 381 2046 madere.
417 1988 580 2061 ddsuucdc,
596 1992 790 2061 inquinatius,
806 1986 900 2046 casco
910 1986 976 2054 τούς
993 1986 1077 2060 [speie
1091 1987 1124 2047 ts
1139 1996 1199 2055 τοῖς
1215 1984 1229 2046 i
1247 1985 1377 2062 γομὲνοις

188 2101 191 2112 ,
264 2055 359 2114 αὐτῶν
377 2057 554 2128 draurdpuuc.
591 2077 705 2114 rursums
724 2053 871 2122 ὄδεκονός
885 2059 934 2113 l'ua
946 2061 1018 2132 καλῇ
1033 2057 1196 2126 coriciensis
1211 2010 1253 2124 εἷς
1267 2056 1304 2114 col
1324 2057 1377 2114 uri-

263 2128 322 2182 unis
338 2125 516 2198 δικαιώματα
535 2125 584 2183 aul
600 2123 825 2198 προσφερὲματοι.
859 2129 963 2198 quantis
984 2147 1046 2184 vero
1068 2131 1164 2186 tabulis
1189 2129 1285 2184 chartis
1301 2130 1376 2182 codi-

266 2195 332 2249 cillis
347 2200 375 2249 st
393 2197 498 2268 scriptis
515 2198 672 2267 ratiociniis,
697 2198 790 2268 quibu's
808 2197 944 2252 attendere
963 2200 1031 2253 solet
1049 2199 1234 2267 chartularius,
1251 2215 1316 2270 opus
1333 2199 1380 2270 sit,

266 2264 345 2324 etiam
356 2264 397 2321 vir
408 2265 590 2336 integerrimae
603 2267 774 2322 conscientiae
784 2266 997 2339 fidelissimaeque
1007 2269 1147 2324 memoriae
1155 2271 1263 2327 latetur.

352 2393 432 2455 Inter
445 2397 600 2477 dignitates
614 2396 754 2478 palatinas
768 2402 815 2457 est
835 2395 854 2460 i
874 2395 966 2482 μέγας
983 2398 1174 2460 chartularius.
1198 2401 1262 2478 quis
1280 2399 1376 2478 faerit,

265 2479 358 2542 docet·
373 2481 503 2544 Zonaras
524 2485 555 2544 in
577 2483 677 2546 Leone
704 2483 842 2544 Isaurico:
870 2481 889 2546 ό
910 2487 972 2544 cciv
1003 2485 1168 2566 βασιλικῶν
1196 2483 1377 2566 ἱπποκόμων

205 2629 206 2634 ,
262 2563 449 2644 toranus,
468 2571 623 2650 praefectur
637 2573 815 2648 imperatoriis
828 2570 1002 2647 sqnsaar'buc.
1023 2571 1193 2649 pertinuisse
1208 2573 1377 2650 dignitatem

262 2650 338 2711 hauc
355 2653 393 2712 ad
411 2673 507 2730 curam
517 2655 623 2716 stabuli
635 2656 705 2732 regii
719 2655 803 2712 docet
823 2654 885 2730 ipse
899 2655 1043 2734 cedinus,
1064 2675 1166 2714 munus
1185 2659 1283 2735 numani
1296 2657 1377 2716 char-

263 2735 360 2796 tularii
380 2739 522 2816 explicans
544 2760 567 2800 c.
587 2742 616 2804 5.
641 2742 697 2799 fuit
717 2740 791 2798 iuter
802 2739 933 2798 militaria
942 2740 1034 2800 officia
1043 2742 1237 2802 chartularius.
1253 2744 1283 2802 id
1294 2742 1377 2818 liqui-

265 2822 335 2880 dum
348 2841 383 2884 cx
396 2822 494 2884 Leone
508 2826 692 2903 imperatore,
714 2825 764 2898 qui
784 2824 889 2883 doum
913 2827 998 2884 tertia
1010 2845 1075 2885 cum
1096 2829 1294 2906 protonotario
1313 2827 1377 2886 the-

268 2907 353 2967 matis
371 2913 402 2967 et
419 2927 483 2968 cum
497 2915 629 2988 praetore
642 2911 702 2968 sive
720 2909 812 2968 iudice
825 2909 958 2969 thematis
972 2918 1102 2971 numerat
1125 2931 1240 2992 quoque
1263 2913 1376 2972 chartu-

268 2989 370 3052 larium
387 2993 537 3074 thematis,
560 3013 644 3072 quem
661 2995 848 3055 constitutum
867 2996 936 3054 dicit
954 2992 1028 3076 πρὸς
1042 2992 1099 3077 τὴν
1113 3002 1171 3062 τοῦ
1185 3002 1314 3081 προτοῦ
1325 3022 1377 3060 scu·

268 3074 430 3239 litii?
439 3076 1377 3246 llllttltt‘ttlttltltttttttltttilall}

733 3206 744 3226 ⁰
1197 3214 1207 3244 r

270 3247 385 3308 Curiatio
402 3250 553 3312 Observat.
566 3250 586 3316 4
600 3253 629 3318 6.
651 3252 717 3311 vide
735 3252 857 3312 eundern
876 3252 913 3326 de
934 3252 1108 3315 mutuata
1126 3254 1164 3315 ab
1182 3255 1230 3316 lib.
1254 3257 1295 3320 10
1315 3255 1377 3315 cod

266 3330 367 3394 lustin.
383 3336 427 3395 tit.
447 3339 490 3404 28
507 3344 539 3397 et
555 3337 629 3396 infra
641 3336 688 3397 lib.
703 3342 725 3402 2
740 3357 765 3398 c.
776 3340 805 3401 3.
890 3383 893 3392 ·

315 3540 317 3542 Ι
354 3479 383 3540 p-
399 3465 420 3527 6
434 3482 460 3523 v.
477 3463 525 3528 13.
554 3463 684 3525 Tertium
697 3461 788 3524 locum
800 3463 909 3524 obtinet
923 3461 942 3532 ri
955 3460 1126 3542 δεποτοὶτος.
1140 3465 1249 3527 Citrius
1261 3463 1377 3525 numero

266 3542 454 3606 multitudinis
469 3547 636 3613 denoscitur.
657 3555 795 3628 quantum
808 3569 931 3610 errorem
945 3550 1042 3610 Iunius
1057 3553 1232 3613 commiserit
1240 3551 1288 3612 fol
1307 3547 1376 3628 194,

268 3633 404 3712 deceptus
424 3631 545 3695 lectione
566 3635 655 3716 falsa,
682 3655 768 3712 quam
794 3635 875 3695 facile
899 3637 1049 3696 emendare
1076 3643 1208 3720 poterat,
1234 3639 1291 3697 iam
1314 3637 1377 3696 alibi

157 3721 181 3778 P
199 3719 250 3783 178
267 3710 374 3778 dictuui
392 3725 437 3778 est
455 3717 507 3802 (ad
527 3741 556 3800 p.
572 3725 613 3786 98
631 3717 697 3802 22).
717 3722 748 3781 in
762 3721 874 3782 scholiis
894 3741 954 3781 non
970 3723 1063 3782 minus
1081 3724 1193 3806 ineptit.
1217 3720 1234 3788 ὁ
1255 3717 1377 3786 drausii·

266 3825 334 3880 τος,
361 3805 486 3878 barbare,
515 3807 681 3867 chartulario
712 3807 854 3868 adiunctus
879 3800 1098 3892 ἀντιγραφεῦς,
1129 3829 1205 3890 quaa
1229 3809 1328 3885 uulgo,
1347 3812 1378 3866 ut

266 3887 397 3950 Budaeus
422 3890 555 3968 loquitur,
584 3893 846 3952 contrarotulatorem
872 3900 978 3953 vocam.
1007 3894 1157 3974 praeclare.
1190 3895 1303 3954 iuterim
1326 3911 1378 3952 nos

267 3975 414 4034 credamus
439 3974 547 4053 Citrio,
576 3977 626 4054 qui
650 3977 773 4056 &putati
793 3996 895 4038 manus
913 3997 973 4038 non
991 3985 1122 4040 numerat
1135 3981 1211 4040 inter
1227 3979 1335 4057 officia,
1349 3978 1379 4036 in

268 4077 326 4136 quo
348 4079 367 4118 a
388 4061 501 4121 Codino
522 4061 671 4140 fflssentit,
697 4064 750 4122 sed
779 4064 855 4123 inter
879 4065 1038 4141 διακονίας
1064 4085 1116 4126 seu
1140 4066 1302 4126 ministeria.
1328 4063 1379 4122 sed

268 4143 405 4220 quicquid
426 4147 468 4206 sit
489 4146 526 4206 de
554 4147 625 4227 hoc,
650 4149 728 4224 quod
755 4141 957 4228 deputatorum
979 4169 1081 4211 munus
1101 4157 1194 4231 osset,
1222 4150 1267 4228 his
1287 4149 1378 4210 verbis

273 4231 374 4300 docet:
403 4231 436 4294 oi
452 4225 611 4300 deaorcicus
632 4231 666 4300 δὲ
690 4235 977 4319 μονδυοφοροῦντες
995 4232 1069 4317 μετὰ
1086 4233 1252 4318 lapsacidas
1264 4257 1379 4318 aposco-

274 4309 416 4398 ρεύονται
432 4321 489 4382 cori
505 4339 537 4382 cs
555 4317 644 4402 ἁγίου
658 4314 833 4406 εὐαγγελίου
839 4363 850 4400 ,
869 4316 962 4388 ccicc
974 4315 1158 4407 ἄνοφέροται
1183 4322 1228 4396 εἰς
1247 4317 1303 4384 τὸν
1325 4314 1379 4400 ἅμ·
