3034 4916
510 257 725 328 incomta
751 259 836 330 CAP.
862 259 910 328 X.
1192 265 1265 338 311

495 553 825 662 onnon
883 558 928 638 v.

245 807 276 867 p.
290 783 331 850 67
345 807 371 848 v.
385 783 414 850 δι
433 737 540 877 Quod
574 805 628 862 nos
645 787 746 868 sottum
767 789 931 869 palmorum,
966 790 996 850 id
1024 789 1124 849 Graeci
1152 789 1265 874 ἑορτήν·

155 878 257 963 ,δαΐων
273 887 390 954 voeant;
419 883 456 940 de
477 898 535 956 quo
556 879 619 939 fuse
637 882 739 941 Codim
765 901 789 940 c.
813 883 860 944 10.
905 877 980 961 βδϊα
999 881 1109 943 Graeco
1129 903 1258 946 sermone

160 967 214 1025 dici
234 967 339 1045 polonos
359 985 409 1025 seu
428 985 520 1025 ramos
543 966 697 1046 palmarum
719 967 806 1026 tradit
822 967 853 1026 S.
868 960 1056 1045 Hieronymus
1069 969 1135 1044 inc.
1150 974 1170 1034 8
1185 971 1258 1030 Eze-

159 1051 238 1110 chiel.
279 1052 377 1110 inscite
402 1053 440 1110 de
469 1051 523 1110 boc
547 1053 659 1110 nomme
680 1052 839 1111 Babamon.
888 1055 993 1128 δαιὶιπι,
1021 1055 1129 1131 inquit,
1159 1055 1257 1132 lingua

159 1137 285 1196 Romano
298 1157 380 1216 nepae
392 1155 493 1196 romum
508 1156 541 1194 aa·
553 1139 643 1196 arboe
655 1156 759 1196 αοααιιο
772 1157 854 1216 aeque
867 1157 953 1199 τοιοοι
968 1157 1002 1197 ex
1019 1145 1103 1197 roseto
1119 1139 1254 1200 collectam

158 1239 239 1300 nepte
251 1221 338 1281 liliam
351 1243 385 1281 ex
397 1222 513 1281 titionem
526 1221 599 1280 borlo
615 1223 761 1300 deooptom
777 1225 925 1302 significat.
969 1225 1006 1282 de
1026 1223 1137 1282 duobus
1155 1231 1254 1303 poste·

158 1305 277 1365 rioribus
290 1307 329 1365 nil
343 1307 555 1384 contendimus,
575 1309 612 1366 de
626 1308 721 1388 priore
735 1306 896 1368 haeremus:
918 1308 943 1366 si
958 1309 1032 1368 euim
1045 1329 1103 1367 non
1116 1309 1255 1386 significat

158 1409 282 1470 ramum,
303 1393 348 1451 dic
362 1393 430 1470 quid
443 1391 602 1469 significet?
643 1386 841 1477 ἀνθρωπίνης
862 1390 896 1459 dl
914 1388 1036 1495 γνώμης
1054 1393 1088 1456 ἐκ
1107 1395 1196 1456 τοῦδε
1211 1395 1255 1468 εἰς
1348 1421 1350 1426 ·

53 1549 58 1560 ι
158 1471 229 1538 τόδε
251 1474 428 1558 μετάβασις,
462 1473 566 1561 ἀγαθή
591 1475 730 1556 δηλονότι
752 1472 776 1558 ἢ
802 1501 933 1560 πονηρα.
989 1477 1119 1559 pulchre3
1140 1497 1253 1559 pergas.

11 1562 15 1572 '
133 1578 138 1586 “
158 1558 301 1625 δντεδθεν
322 1557 379 1645 yolo
402 1557 475 1636 τοδς
495 1563 690 1644 παιδοτρίβας
709 1556 871 1644 βαϊοδλονς
889 1557 1131 1644 κατονομάζομεν
1154 1562 1196 1638 ιδς
1215 1560 1255 1628 sol

157 1641 300 1727 νηπιοδδη
332 1652 393 1708 τῶν
422 1648 541 1708 παίδων
564 1641 744 1725 φρονήματα
768 1642 949 1730 μετάγοντας
971 1645 1048 1730 πρδς
1078 1642 1254 1728 δρρένοισιν.

91 1753 96 1762 ·
157 1731 265 1808 docte,
283 1732 362 1806 quasi
376 1729 483 1789 baiulus
497 1732 605 1788 nonsit
625 1750 643 1788 a
660 1729 765 1789 Latina
784 1749 853 1789 voce
875 1731 982 1807 baiolo,
1008 1734 1080 1792 sicut
1102 1733 1253 1810 gemlusa

156 1835 228 1892 gero.
276 1816 378 1894 pergit.
411 1813 463 1876 sol
484 1810 741 1896 πραιβαϊκδτορας
766 1814 890 1898 λέγομεν
912 1810 984 1890 roric
1006 1817 1255 1898 ποικιλλομὲνονς

157 1895 305 1978 amalario
325 1897 386 1982 ἶριν
401 1896 563 1980 σννεργοδς
581 1898 632 1962 καὶ
649 1894 849 1980 προδιδόντας
866 1896 938 1975 sotir
957 1896 1144 1982 πρόσφορος.
1170 1923 1254 1983 proe-

156 1988 305 2045 voiootores
322 1979 575 2066 (proeoon'cotores)
593 1985 755 2064 appellamus
780 1989 1005 2064 cooperationes
1026 1986 1178 2062 adiutores,
1205 1989 1254 2065 qui

155 2073 297 2130 vorsantur
316 2074 403 2130 butor
426 2071 522 2140 iridis,
550 2071 704 2130 stellantes
722 2071 852 2150 produnt.
893 2072 934 2132 ita
961 2071 1074 2147 quidem
1096 2072 1251 2151 interpres:

8 2203 13 2235 ,
156 2157 207 2214 sed
229 2157 292 2231 quis
314 2173 372 2214 non
387 2157 465 2214 videt
483 2155 633 2234 legendum
649 2174 714 2214 esse
727 2151 803 2216 κατὰ
824 2151 882 2236 τήν
899 2155 984 2235 torol
1025 2163 1059 2215 ut
1078 2158 1253 2234 praevarica-

8 2259 13 2306 ι
156 2246 233 2299 tores
259 2240 318 2299 sint
341 2240 380 2298 illi
404 2241 452 2316 qui
480 2241 510 2298 in
528 2241 593 2320 ipsa
605 2240 656 2300 lite
678 2241 792 2300 clientes
812 2260 879 2298 suos
896 2241 1054 2300 destituunt
1069 2247 1100 2299 et
1115 2245 1252 2322 produnt,

22 2343 24 2346 ·
154 2325 311 2402 ‘variantique
337 2327 374 2384 ad
400 2325 517 2384 alteram
542 2329 668 2404 partem,
692 2344 744 2384 sua
765 2326 892 2402 deserta,
918 2331 1073 2396 transeunt
1123 2327 1252 2386 nimirum

157 2411 224 2486 quia
244 2410 398 2469 Graeculus
418 2411 472 2468 iste
488 2411 518 2468 in
535 2409 624 2469 baiolo
647 2415 679 2468 et
702 2413 875 2490 promeritos
897 2407 1021 2485 aliquam
1044 2410 1251 2471 similitudinem

156 2496 353 2556 animadvertit
366 2513 429 2553 cum
440 2513 510 2554 voce
523 2488 630 2575 βάδον,
642 2495 714 2553 'ideo
728 2494 850 2575 putabat
866 2495 933 2552 inde
945 2495 1111 2572 formatam,
1138 2496 1251 2572 quasia

155 2585 249 2659 vano,
269 2599 338 2660 seu,
358 2585 392 2639 ut
406 2581 467 2664 ipse
478 2580 651 2660 scripsisset,
672 2581 814 2661 οβαρίοο,
835 2584 865 2637 et
881 2579 984 2637 omisso
995 2598 1045 2662 pa
1063 2580 1150 2657 βαΐα,
1170 2581 1250 2654 quod

156 2672 201 2726 est
218 2671 298 2726 mato.
339 2664 405 2723 hinc
418 2666 503 2726 etiam
519 2665 587 2724 dicit
602 2664 722 2724 Iudaeos
742 2683 800 2722 non
819 2663 1021 2743 intelligentes,
1049 2663 1164 2723 Christo
1178 2665 1249 2723 Hie·

154 2750 324 2827 rosolymam
343 2751 532 2828 ingrediente,
554 2751 693 2826 quid-sibi
708 2749 793 2808 vellet
807 2749 856 2808 illa
878 2769 1018 2808 ramonun
1040 2751 1180 2828 gestatio,
1201 2769 1249 2809 er·

155 2837 289 2896 clamasse
302 2836 410 2916 βαβαί,
430 2838 539 2917 papae!
559 2833 653 2918 βαβαὶ
666 2839 728 2897 τοῖν
747 2837 930 2896 Μοισαῖιιοδν
952 2837 1169 2917 παραγγελιῶν,
1191 2827 1249 2916 βοΐ·
1264 2847 1287 2906 1³
1303 2851 1355 2908 231

157 2932 208 2984 ϊον
234 2913 461 3002 ἀπροσδόκητον
486 2917 606 3004 ydrost,
634 2917 767 2983 rootless
794 2913 949 3002 μεταφορδ
981 2921 1058 3004 πρδς
1082 2913 1245 2984 ἀπώλειαν.

155 3007 225 3068 haee
242 3005 395 3066 Graecinus
415 3006 461 3066 ille
481 3009 518 3066 de
538 3012 632 3083 etymo
651 3006 744 3084 vocis,
759 3007 870 3088 ληρδν.

8 397 22 449 b

8 486 22 519 a

10 627 22 691 ἰ

8 693 21 730 n

8 767 21 800 n

8 837 20 890 l

8 979 20 1011 n

8 1049 19 1082 ιι

8 1117 19 1153 Ι
116 1133 119 1139 ,

10 1171 19 1220 l

8 1257 18 1292 ο

8 1315 18 1363 l

8 1398 18 1434 ι

8 1470 17 1558 l

8 1607 16 1642 n

8 1681 16 1715 τ

8 1837 15 1872 ι

8 1906 15 1940 ι

8 1975 14 2012 ι

240 3123 332 3184 Dooet
355 3129 449 3184 autem
474 3124 624 3184 balsamon
638 3122 693 3184 hoc
707 3125 769 3185 τοῖν
793 3116 972 3204 βαϊοφδρων
998 3122 1045 3182 die
1064 3123 1247 3202 imperatores

155 3209 222 3270 olim
242 3229 275 3268 ac
294 3211 466 3288 patriarchas
484 3211 658 3269 distribuisse
675 3209 795 3267 subditis
814 3202 925 3288 ρδγας,
951 3207 1006 3266 hoc
1023 3214 1068 3266 est
1086 3227 1193 3269 monera
1217 3217 1248 3267 et

154 3297 236 3364 baio5
257 3296 385 3371 huncque
404 3314 486 3353 usum
503 3314 592 3372 usque
608 3297 650 3353 ad
662 3300 790 3374 tempora
807 3291 988 3351 Constantini
1007 3293 1180 3352 monomachi
1195 3295 1247 3351 du-

153 3399 233 3440 rasse
246 3386 276 3438 et
290 3385 390 3460 postea
412 3380 536 3438 desiisse.
576 3386 644 3438 sunt
667 3385 761 3440 autem
779 3397 861 3454 rogae
880 3376 1021 3455 stipendia
1042 3378 1126 3436 etiam
1144 3377 1254 3456 milita-¹

33 3457 37 3462 ’
154 3467 212 3525 ria:
232 3465 297 3522 hino
311 3466 387 3545 apud
401 3465 541 3522 Codinmn
553 3484 608 3524 vox
621 3465 684 3544 ipsa
698 3459 802 3544 δόγαι,
822 3467 853 3520 et
870 3461 935 3520 inde
952 3461 1064 3521 formati
1077 3459 1247 3544 ρογδτορες,

154 3549 257 3610 milites
272 3550 319 3624 qui
342 3549 484 3629 stipendia
503 3554 627 3625 merent,
655 3549 783 3608 soldaio.
824 3547 891 3604 item
912 3545 1091 3624 largitiones,
1115 3550 1255 3630 erogatio-¹

155 3655 218 3712 nee,
236 3652 352 3692 munera
366 3639 396 3691 et
410 3634 486 3692 dona
498 3653 516 3692 a
529 3631 699 3714 principibus
712 3631 862 3691 liberaliter
876 3631 1003 3690 distribui
1016 3637 1156 3690 consueta
1189 3649 1246 3706 qua

154 3738 225 3782 voce
240 3719 338 3783 erebro
353 3718 441 3776 utitur
462 3719 546 3778 etiam
564 3715 730 3776 Anastasius
748 3716 971 3776 bibliothecarius
990 3717 1018 3775 in
1033 3717 1161 3775 Historia
1169 3714 1246 3772 Pon·
1336 3755 1338 3760 -

154 3807 278 3882 filicum,
298 3809 332 3862 ut
350 3803 380 3860 in
398 3801 540 3879 Eugenio:
561 3821 653 3881 rogum
672 3803 739 3862 clero
755 3801 839 3862 dedit.
879 3802 944 3861 hinc
961 3803 1046 3860 etiam
1061 3806 1145 3860 natus
1167 3799 1245 3858 vide-

155 3897 204 3950 tur
219 3892 319 3966 modus
337 3885 471 3962 loquendi
488 3888 702 3947 Germanorum:
723 3887 870 3947 aboleta
890 3894 972 3963 golan
988 3905 1070 3962 rogen
1088 3905 1188 3960 sagon,
1207 3885 1244 3942 de

154 3975 203 4036 illo
223 3975 271 4052 qui
290 3972 460 4032 luculentum
474 3973 543 4047 quid
562 3975 682 4055 adeptus
699 3974 751 4032 e'st.
793 3973 858 4032 hinc
870 3973 953 4030 etiam
969 3967 1104 4051 ῥογεδειν
1118 3969 1244 4038 militare,

154 4080 266 4121 mnne:
287 4061 360 4118 forte
381 4077 448 4116 cusa
464 4063 494 4116 et
510 4058 580 4119 haec
595 4079 649 4121 vox
665 4080 684 4121 a
699 4057 803 4120 Latino
815 4077 879 4136 rogo
892 4055 936 4115 vel
952 4075 1036 4132 erogo.
1078 4053 1164 4114 habet
1177 4053 1244 4112 Bal-

152 4163 252 4208 samon
266 4147 351 4205 etiam
367 4137 501 4228 ρογᾶλια.
727 4159 729 4166 ·
867 4140 870 4146 ’

238 4243 405 4308 Huiusmodi
429 4264 526 4328 rogam
549 4265 568 4308 a
586 4265 617 4307 se
640 4247 728 4309 visam
758 4243 889 4310 describit
905 4240 1098 4324 luitprandus
1112 4239 1254 4316 Tieinen-¹
