2942 4916
217 299 295 374 auo
381 297 656 372 cnursnmnr
671 273 1152 369 onsnrconunnrlnrus

218 465 294 518 raioru
315 461 425 533 drungos
443 461 559 528 ordinata
579 461 708 517 amiralius
723 461 771 517 toti
788 457 875 518 navali
886 455 1008 516 exercitui
1019 459 1139 514 vexillum
1150 457 1313 526 slvarsgiunr

217 534 346 587 hamulum
363 532 669 603 praeiertpprotoconros
685 531 795 600 remiges
812 549 899 584 omnes
917 532 965 585 sub
982 547 1029 584 sua
1047 529 1213 600 dispositione
1224 534 1312 594 tenet3

218 602 370 670 drungarius
388 610 483 655 certum
502 601 638 656 triremium
654 602 697 653 val
716 602 816 654 uarium
833 617 961 654 numerum
973 602 1112 668 gubernat,
1129 597 1261 651 duodecim
1273 599 1313 650 ni-

218 673 308 725 mirum
331 675 377 726 aut
400 671 559 741 quindecima
587 685 671 723 coruos
695 676 816 739 quattuor
837 677 883 723 aut
905 669 1016 739 quinque
1039 669 1155 722 triremes
1176 667 1311 737 gubernat.

218 741 282 794 haec
298 757 330 793 ex
348 741 479 811 hucusque
497 738 605 810 sparsim
624 737 713 792 diutiss
736 738 838 794 ad’alia
854 739 1051 811 properandum.

289 859 317 912 p.
331 843 403 897 λθν.
418 842 442 896 1.
467 836 546 910 φόρει
566 834 619 910 τὴν
634 839 685 894 τού
720 834 834 904 ασιλὲος
857 834 981 908 σπάθην]
1007 837 1187 892 Franclcorunr
1212 837 1313 890 exerci-

217 917 288 963 tuum
306 927 402 964 summo
418 911 531 981 praetori
548 910 683 979 (οσππιιια
710 909 753 976 ι),
776 908 820 979 qui
843 909 1001 963 Graecorum
1018 923 1133 975 magnum
1149 907 1314 961 domesticum

216 987 345 1049 exaequat
360 988 502 1051 potestate,
525 997 557 1034 ao
573 979 650 1048 regiis
700 978 739 1032 uis
755 984 783 1032 et
800 978 963 1048 equisouibus
986 979 1120 1048 praelecto
1146 977 1248 1046 (grand
1272 992 1311 1028 cs-

217 1061 323 1118 cuper),
339 1050 382 1120 qui
399 1055 609 1120 protostratorcm
624 1049 651 1100 in
668 997 884 1102 adallunissirua
899 1047 970 1100 curia
987 1047 1049 1116 agit,
1065 1045 1127 1100 iuris
1142 1045 1191 1098 hoc
1207 1061 1314 1098 αοοοοιι-

219 1135 273 1172 surn
291 1126 321 1171 ut
338 1126 447 1188 uterquc
462 1119 560 1186 regium
577 1135 663 1171 ensem
680 1123 791 1184 hauet,
807 1117 850 1169 illa
868 1117 967 1186 quidem
985 1115 1091 1180 uudurn,
1105 1115 1147 1170 hic
1163 1113 1259 1182 vagina
1275 1119 1314 1164 te-

218 1193 287 1240 ctum
304 1191 332 1240 ct
348 1187 435 1241 balteo
452 1187 536 1241 scrico
555 1187 614 1240 liliis
630 1187 714 1241 aureis
729 1202 847 1258 resperso
868 1185 1038 1258 pendentem
1061 1185 1094 1238 de
1112 1183 1217 1256 quoda
1233 1183 1314 1236 Hail-

217 1257 281 1322 λαο,
299 1255 436 1309 Vulsonius
452 1263 480 1311 et
497 1257 549 1314 alii.

290 1342 326 1418 ih.
344 1357 372 1396 v.
388 1342 415 1396 3.
434 1341 486 1396 τοῦ
501 1335 622 1410 κόμηιος
636 1339 693 1395 τόν
713 1338 860 1412 βασιλικόν
875 1336 980 1405 ἵππων]
1000 1336 1068 1391 inter
1084 1334 1239 1404 στράτορας
1251 1351 1314 1407 pro-

219 1411 353 1493 loutmtnri
369 1410 499 1496 sabiacus
514 1411 668 1482 praecipuus
691 1416 732 1464 eat
753 1405 841 1479 κόμης
863 1409 918 1463 τόν
940 1396 1089 1480 βασιλικόν
1110 1406 1220 1477 ἵππον,
1244 1407 1314 1460 idern

217 1496 263 1550 qur
282 1497 368 1548 οηιιιιο
386 1497 488 1550 sagrus.
1207 1525 1217 1543 ,

289 1567 327 1647 λλ,
341 1565 413 1650 πελ.
422 1560 449 1652 [ὁ
466 1560 685 1650 πρωποαιράτοορ
702 1547 760 1618 άπὸ
780 1561 962 1650 conperisse&
978 1559 1085 1684 λαβάνέ
1114 1559 1314 1646 penelopen:

221 1638 345 1686 stantum:
366 1652 446 1718 ημεις
461 1627 499 1718 δὲ,
510 1650 669 1717 σπρανορος
678 1627 811 1716 όφφίκιον
827 1633 1017 1717 απελθονιες,
1030 1648 1071 1715 κα
1093 1647 1129 1682 τα
1146 1633 1245 1716 potuve
1261 1647 1314 1713 πον

220 1703 310 1754 ἵππου
328 1697 417 1791 crispo
432 1719 622 1788 consponsae·
633 1721 684 1771 της
707 1698 793 1769 αύλης
809 1695 964 1788 rou-icona
981 1717 1069 1753 nosco
1082 1694 1174 1784 fiunto
1192 1716 1315 1782 ocaeano·

220 1767 376 1894 thoti?
379 1769 740 1909 ‘nuntiarunt
751 1769 1314 1910 tiltttttl‘ttoliilhltiliit’:

219 1927 270 1979 ρος
286 1905 343 1966 άπό
360 1911 413 1964 τού
427 1910 544 1980 χαλινοῦ
559 1902 689 1965 ἕλκονθεί
703 1945 712 1963 .

286 2011 321 2064 ih.
334 2026 362 2067 r.
380 2013 407 2066 7.
425 2005 441 2066 ό
458 2006 543 2094 μέρος
557 1987 772 2081 χαρύοολάριος]
796 2027 812 2064 e
835 2009 1044 2065 chartulariorum
1063 2025 1166 2064 numam
1183 2007 1315 2091 pene-inu-

217 2079 625 2149 menan‚qnoruruali1cursua‚
652 2080 698 2132 alii
716 2079 782 2133 sacri
799 2080 921 2145 cubiculi,
948 2081 991 2134 alii
1007 2080 1184 2148 magistrorum
1201 2077 1316 2148 pedulum

141 2167 149 2184 ¹
217 2155 246 2199 et
264 2147 392 2217 equitum,
415 2149 457 2202 hic
478 2147 523 2219 qui
545 2149 701 2202 stabulorum
716 2149 872 2218 intelligitur.
906 2149 970 2204 alias
986 2150 1110 2218 quodnam
1126 2147 1177 2200 viri
1190 2147 1272 2216 togati
1287 2151 1316 2199 et

120 2241 125 2251 ·
216 2217 318 2269 tabulas
335 2221 467 2271 tractantis
483 2218 517 2271 ad
533 2218 646 2271 militiam
663 2235 742 2288 equos
759 2225 785 2271 at
800 2235 870 2271 arura
892 2218 1068 2278 consortium?
1102 2216 1217 2286 suggerit
1238 2215 1315 2269 testi-

218 2287 325 2339 mohiuru
343 2287 459 2340 Zonaras
475 2288 502 2340 in
520 2289 624 2340 lsauror
649 2287 767 2340 Παῦλον
785 2283 834 2342 τόν
855 2286 1077 2357 πῶνβασιλικάν
1092 2285 1187 2338 ἵππιον
1204 2277 1316 2338 ἐπιστα-

216 2356 320 2408 τοῦντα
339 2354 555 2440 (ηαρποολάριον
573 2351 591 2424 ἡ
606 2352 753 2426 Ῥωμαίων
775 2351 834 2410 οἶδε
859 2355 961 2410 ποόιον
984 2351 1073 2424 λέγειν
1095 2347 1191 2422 φανὴ)
1215 2352 1315 2418 πατρί·

216 2441 279 2477 κιον
298 2441 412 2494 τιμησας
427 2423 477 2478 καλ
501 2421 656 2494 στρατηγόν
677 2425 812 2488 Σικελίας.
848 2427 947 2496 profert
963 2424 1071 2478 Nicetes
1087 2423 1155 2476 aliud
1171 2423 1198 2475 iu
1215 2420 1316 2475 Isaacic

218 2493 334 2562 Angelos
358 2495 485 2562 Χούμνος
501 2491 702 2563 χαρτονλάριος
725 2485 764 2548 όν
786 2494 842 2548 τόν
864 2489 1078 2562 λπποσσάθμσον.
1114 2493 1203 2545 subest
1223 2499 1315 2562 proto-

215 2561 322 2614 stratohi
339 2569 366 2615 et
382 2564 549 2618 administrat.
584 2565 649 2621 hauc
666 2564 755 2633 palatii
772 2569 870 2633 portam
888 2563 965 2631 nulli,
988 2562 1035 2615 nisi
1052 2561 1188 2614 donaverit
1203 2559 1314 2626 impera-

213 2637 265 2696 tor,
283 2631 362 2702 equiti
373 2633 515 2703 praeterire
529 2633 598 2685 licet.
632 2631 738 2685 Nicetas
752 2632 779 2685 in
795 2632 929 2685 Manuale:
946 2631 1056 2684 εἴσεισιν
1073 2625 1197 2698 όσμένοος
1211 2628 1248 2682 πά
1262 2628 1313 2698 βα-

213 2697 308 2751 σίλεια.
345 2694 375 2754 ἐν
398 2697 430 2753 δὲ
454 2701 496 2772 τῷ
518 2695 649 2767 παριέναι
670 2695 734 2769 μεθ(
756 2701 845 2752 ἵππον
862 2695 976 2770 ’Ἄραβος
1000 2693 1159 2786 ἐριαύχενας
1182 2715 1218 2751 τοι
1243 2691 1313 2749 άνά-

213 2785 302 2831 κτοροι
327 2767 375 2821 καλ
396 2766 504 2836 μέλλειν
529 2766 643 2822 εἰσιέναι
667 2764 716 2822 διά
739 2770 789 2838 τῆς
810 2765 898 2837 πύλης
921 2762 985 2838 pail?
1006 2757 1044 2838 ἣν
1066 2787 1085 2838 η
1111 2760 1143 2821 ἐκ
1165 2767 1214 2835 τῆς
1230 2762 1315 2834 ἕδρας

214 2831 354 2908 άπόβασις
369 2830 477 2906 ἐφεῖται
494 2833 592 2906 μόνοις
609 2841 670 2900 τοῖς
685 2833 913 2920 αὐτοκράτορσιν.
970 2869 973 2882 ι

281 2938 318 2990 s'h.
335 2956 363 2992 r.
380 2941 409 2992 8.
424 2936 559 3008 πεζεύειν]
577 2959 610 2995 ex
627 2956 694 3008 equa
710 2939 847 2993 interram
864 2937 982 3003 desilire,
1004 2943 1034 2992 et
1055 2931 1177 3008 πέζεαμα
1192 2937 1266 2990 locus
1281 2936 1322 2989 in·

116 3029 119 3038 .
214 3021 267 3076 quo
283 3006 437 3077 relinquitur
452 3025 532 3079 aquus
550 3016 577 3064 et
593 3010 701 3081 pedibus
719 3009 761 3063 via
778 3009 923 3065 coniicitur.

297 3115 372 3174 ihv·
391 3116 441 3179 16.
471 3107 601 3197 στρύσια
624 3114 676 3178 καὶ
700 3103 802 3199 σνρτά.
830 3115 899 3174 illud
929 3105 1145 3196 οσιραννύοι,
1168 3111 1248 3190 quod
1267 3115 1313 3171 est

112 3189 114 3196 ¹
179 3229 181 3241 ·
212 3203 317 3272 aluum
335 3199 389 3258 hoc
402 3193 528 3280 οσύροι,
551 3201 628 3278 quod
641 3207 686 3260 est
699 3204 785 3268 traho.
807 3202 926 3261 militurn
939 3219 1053 3278 quoque
1073 3197 1154 3275 οηίιί,
1174 3217 1246 3273 quos
1263 3216 1314 3257 ua-

213 3301 280 3340 cuos
289 3303 384 3342 secum
393 3286 550 3366 ducebant,
570 3286 785 3369 appellabantur
799 3289 918 3370 σνρτολ,
937 3292 971 3347 ut
989 3287 1072 3346 docet
1085 3283 1260 3345 Glossarium
1277 3300 1316 3342 ex

212 3367 393 3428 Constantini
406 3369 538 3430 Taclicis.

282 3466 317 3519 a'h.
335 3485 362 3518 u.
382 3467 423 3520 16.
441 3468 533 3536 quibus
549 3473 725 3540 sternerentur
741 3465 866 3539 ephippiis
878 3471 904 3519 el
917 3465 1036 3536 phaleris,
1054 3465 1130 3521 ducet
1144 3470 1206 3554 post
1220 3463 1312 3518 Theo-

211 3535 320 3605 phanem
339 3536 470 3589 cedrenus
488 3537 514 3589 in
533 3537 672 3592 Mauricio:
697 3532 713 3593 ri
740 3537 826 3598 λ’ππος
847 3537 897 3588 ποῦ
922 3531 1054 3606 βασιλέως
1078 3531 1096 3590 ό
1122 3554 1173 3589 πον
1191 3533 1312 3604 χρυσοῦν

210 3605 399 3674 περικείμενος
416 3601 528 3673 κόσμον.
563 3607 686 3660 όεεοείλιὶῐ
703 3609 775 3659 Anna
792 3606 863 3659 vitae
881 3604 961 3676 patris
977 3605 995 3656 l.
1016 3608 1047 3658 1:
1073 3601 1128 3672 όρά
1151 3599 1203 3658 τόν
1226 3599 1310 3656 ἱππο-

211 3669 299 3742 κόμον
315 3674 367 3728 τοῦ
384 3675 537 3741 Βραεννίοο
561 3675 649 3729 λ’ππον
674 3670 884 3762 ἐπησνρόμενον,
909 3674 945 3743 τῇ
966 3690 996 3726 τε
1016 3657 1146 3745 άλοορύηό
1170 3667 1310 3742 όφεστρίόι

210 3739 416 3813 κεκοσμημένον
437 3741 486 3796 καὶ
506 3741 668 3813 κασάχρνσα
689 3762 724 3798 σα
749 3748 863 3812 φαλαρα
878 3737 998 3864 Ιἕξοντα.
1032 3760 1083 3796 uuo
1105 3743 1186 3794 verbo
1209 3757 1308 3812 χρυσο-

907 3828 915 3862 ι

211 3809 340 3880 φάλαρον
359 3813 446 3866 ἵππον
463 3820 541 3865 vocat
558 3816 634 3883 paulo
652 3813 772 3878 inferius,
789 3818 819 3866 ut
837 3816 863 3864 et
916 3811 1054 3867 cetarii
1073 3811 1208 3865 Manuelis.
1239 3811 1310 3862 Gre-

212 3897 287 3946 goras
304 3885 322 3937 9
339 3884 370 3938 'ir
386 3877 450 3951 μεθ’
467 3878 674 3953 ἐραθροβαφάν
689 3878 888 3954 κοσμημάτων,
911 3887 975 3933 sect.
1001 3883 1051 3937 102
1075 3875 1145 3948 μετά
1168 3881 1225 3933 τῶν
1245 3873 1309 3945 ἔρν-

212 3949 293 4012 &onir
309 3947 485 4019 ἐφεστρίδιον.
522 3947 652 4015 στριόσιον
670 3959 763 4016 autern,
782 3949 851 4020 quud
869 3954 895 4001 et
911 3942 1044 4016 όφεσπρός,
1062 3949 1108 4002 (lat
1124 3965 1214 4001 noman
1233 3964 1309 4016 equo,

212 4017 356 4091 diciturque
370 4016 538 4086 ύπόσπρσομα
556 4020 624 4090 apud
644 4023 740 4072 hunam
758 4019 862 4072 citatam
879 4019 898 4072 l.
916 4017 942 4071 4.
972 4017 1087 4087 adeoque
1106 4019 1208 4086 longum
1225 4024 1253 4070 et
1269 4015 1311 4069 la·

212 4086 310 4140 taribus
327 4089 441 4158 pendens
458 4088 550 4142 asserit
565 4096 593 4141 ut
610 4090 684 4142 etiarn
703 4089 810 4140 οοΙοοείο
826 4089 922 4140 ferrum
941 4086 978 4139 illi
991 4090 1089 4140 reierat
1104 4086 1225 4139 infixurus
1260 4079 1310 4138 ναὶ

212 4149 267 4223 μὴν
287 4153 371 4227 καὶὴ
388 4157 439 4210 πού
454 4154 568 4225 μύωπος
582 4151 657 4226 άκμὴ
674 4158 724 4210 κού
739 4150 886 4223 άρισπερού
901 4151 990 4218 ποδός
1000 4153 1156 4210 ἐνόακούσα
1167 4149 1200 4208 τό
1218 4148 1309 4218 ἄκρον

212 4225 263 4290 τῆς
274 4218 442 4293 inconcinne,
459 4221 476 4282 ii
488 4222 655 4295 ύπόσιριομα
666 4221 802 4294 λέγουσιν,
813 4219 1004 4295 άκλινὲσπερον
1016 4220 1065 4278 τόν
1075 4219 1199 4292 ἱππότην
1210 4217 1306 4276 ἐποίει.

212 4293 326 4364 loquitur
346 4296 379 4350 ‹le
402 4297 472 4369 regio
497 4297 584 4353 anderu
608 4311 692 4368 aquo,
714 4312 787 4370 quau
805 4294 823 4354 l.
841 4296 856 4352 1
873 4300 1024 4350 narraverat
1042 4292 1173 4364 Bryeuuio
1192 4291 1309 4362 tyranri-
