2942 4916
538 333 585 402 m
608 333 756 404 conlui
777 335 860 404 cie.
880 333 942 408 lv.
1215 335 1292 407 239

259 495 368 567 mbos.
384 497 409 552 l.
432 495 517 552 sciro
540 494 668 568 titanios]
694 496 721 552 ni
747 497 820 554 iuxta
843 497 955 568 Regium
972 501 1108 570 utrumqne
1125 493 1239 552 cotilcsm
1257 492 1292 552 ci

190 561 224 622 sd
245 567 361 639 [itacios
379 583 392 619 r
426 566 539 636 ceucris,
563 567 634 620 locus
652 573 787 640 corruptus
803 572 935 623 etaemus
952 575 1101 640 perseverat
1117 567 1291 637 imperiosius.

259 637 295 693 ib.
311 655 338 693 v.
356 583 572 704 selincuriae]
596 637 694 704 uirgam
719 653 820 690 auream
846 654 892 690 seu
917 637 1048 709 proprium
1069 635 1169 704 insigne
1185 637 1293 704 gerebat

192 701 250 756 olim
268 721 330 758 cura
362 703 442 769 alatii,
461 704 506 773 qui
524 705 686 775 curopalates
701 705 768 776 apud
787 706 967 761 Cassiodorum
987 707 1050 761 var.
1065 705 1129 760 ⁷⁵2
1147 705 1214 757 illud
1226 723 1291 774 qam-

263 775 333 828 cosmi
351 792 416 839 erc,
438 791 493 843 quo
512 777 711 843 gratificatione
734 776 870 844 tracteris,
895 783 925 829 ut
941 793 1025 830 curce
1049 775 1132 844 cirgn
1154 775 1292 827 decorem

190 851 260 896 soter
275 844 398 912 obsequie
414 859 550 896 numerosa
566 849 629 897 cote
644 845 724 914 pedes
737 847 824 914 regios
841 845 941 914 primus
957 846 1072 898 oidccria
1088 843 1222 912 incedere,
1247 843 1290 898 acl

189 914 232 964 cti
254 912 310 982 ipso
333 910 476 966 testimonio
498 913 643 967 uicinitatis
665 920 770 967 mattas
795 930 967 982 agnoscamus
990 915 1041 967 tibi
1060 911 1166 983 palatie
1182 912 1290 964 comari·

189 981 261 1034 sisse.
297 985 324 1032 nt
341 980 376 1034 nil
393 991 502 1034 mentem
521 988 691 1052 occupatam
708 983 896 1035 admirationem
913 988 998 1036 movet
1015 982 1040 1036 iu
1059 980 1198 1052 principum
1209 980 1289 1035 curiis

190 1048 238 1102 nisi
255 1049 324 1118 quod
340 1067 450 1116 novum,
466 1048 605 1114 insuetum,
624 1041 669 1104 a'rrt
686 1051 763 1105 facile
781 1058 868 1122 potest
885 1051 946 1104 ariri
962 1067 993 1104 nc
1012 1051 1087 1104 elabi.

257 1119 293 1171 ib.
314 1137 341 1172 v.
359 1117 401 1172 14.
418 1117 609 1189 zoccolcacoo]
633 1115 741 1187 oicrrcoc
757 1122 885 1174 candidus
901 1127 941 1174 est
960 1119 1070 1174 Graecis
1086 1116 1288 1180 recentioribna;

188 1185 256 1255 apud
275 1203 339 1256 quos
356 1187 432 1242 etiarn
448 1195 596 1255 argenteam
615 1196 738 1244 monetam
756 1189 867 1259 quinque
884 1190 927 1243 vel
943 1206 989 1243 sex
1005 1189 1155 1244 minutorum
1169 1186 1289 1238 deoarlo·

188 1270 244 1308 rum
261 1255 337 1325 pretii
354 1250 464 1323 dccccv
482 1257 516 1309 ob
536 1258 670 1312 candorem
688 1259 779 1312 dictam
797 1258 900 1312 audiesr
925 1275 957 1311 ea
978 1262 1021 1311 est
1037 1255 1165 1326 quincunx
1182 1254 1290 1308 Fraud-

169 1339 250 1389 -cus‚
267 1343 304 1378 arc
320 1325 413 1389 tione,
428 1326 499 1393 pisce
516 1327 548 1378 ds
564 1344 688 1396 mucosa
704 1328 828 1393 blanche,
844 1327 870 1380 in
887 1342 937 1396 qno
951 1343 1029 1381 suave
1044 1341 1138 1379 sonarm
1155 1341 1205 1377 vox
1221 1323 1288 1376 Gal·
1309 1351 1312 1358 ⁴

189 1393 240 1446 lice
256 1392 283 1446 in
300 1410 376 1446 seusu
394 1409 449 1447 cnm
468 1395 571 1448 Graeca
589 1396 749 1451 concordiam
765 1395 821 1462 init,
843 1403 869 1450 st
881 1396 988 1465 ignarae
1006 1394 1098 1448 mentis
1114 1393 1288 1463 asperitates,

188 1455 298 1584 ἔοσπὶροὲ
319 1461 392 1583 qtuasi
414 1480 536 1586 nopzum
562 1465 595 1519 ab
617 1467 717 1536 cepam
745 1465 934 1520 characteribus
951 1470 1069 1520 monetae
1084 1461 1175 1518 inuade
1192 1461 1288 1516 dictum

221 1547 280 1583 nen
298 1549 330 1584 eo
343 1549 382 1597 m,
398 1547 470 1599 argus

272 1623 300 1683 p.
311 1606 350 1667 a1
361 1608 426 1667 v.2
448 1601 814 1684 συβαλταρέαωὸαἱίετηα,
834 1605 1004 1679 alternatim,
1025 1601 1161 1665 altersub
1182 1569 1287 1676 altero,

187 1705 243 1747 vox
255 1707 290 1746 ex
305 1687 410 1748 Latino
426 1689 562 1748 vocabule
578 1690 699 1750 detorta.

257 1769 390 1839 eerrnpee
411 1785 465 1822 vox
489 1765 547 1822 aiud
569 1771 622 1823 suri
651 1768 799 1842 συμβάλλω
822 1770 973 1836 committo,
1000 1769 1132 1838 cosriungc
1179 1765 1286 1820 commi-

187 1853 253 1892 ccco.
292 1837 383 1891 calami
404 1854 466 1906 ergo
493 1838 641 1891 baculorum
663 1856 720 1893 cum
760 1839 843 1892 uidam
866 1840 967 1893 tortiles
998 1844 1102 1905 essent,
1135 1804 1286 1902 lassavim-

187 1904 268 2027 Ῑιένοι
284 1900 333 1960 doci
349 1905 576 1976 ezocvoulmolou,
601 1907 665 1960 adeo
689 1919 719 1962 ut
741 1858 841 1962 ‘lunium
865 1925 929 1977 opus
951 1905 1125 1972 imitarentur,
1147 1903 1191 1958 alii
1215 1907 1287 1956 λεῖοι

197 1991 292 2040 eavea,
313 1974 393 2028 ultimi
416 1975 526 2029 taudem·
540 1973 757 2046 συμβαλλόμενοι
782 1994 815 2030 ax
840 1977 955 2047 partibus
972 1975 1130 2031 adinvicem
1149 1971 1289 2026 commissit

188 2051 216 2096 ct
233 2049 376 2098 stercorum
393 2060 463 2098 mors
479 2045 556 2098 textis
574 2046 706 2116 compositi
723 2042 919 2118 cadctraolos,
936 2047 1016 2101 tieem
1032 2063 1065 2100 co
1082 2049 1172 2106 nette,
1190 2057 1289 2094 nuncu-

187 2120 290 2182 pantur,
307 2112 352 2181 qui
367 2113 460 2166 clarius
479 2113 683 2184 συμβαλλωτοίς
701 2132 767 2184 quae
783 2133 835 2168 vox
852 2132 922 2168 mere
937 2115 1042 2166 Graeca
1057 2129 1114 2167 cum
1131 2110 1288 2166 misitania

186 2182 231 2234 vel
247 2183 399 2235 cttoeaotiro
414 2199 463 2236 nno
480 2182 601 2236 videlicet
616 2185 664 2238 sub
681 2186 767 2240 altero
782 2184 874 2256 positis
896 2185 990 2240 uulbm
1011 2199 1045 2237 ex
1067 2180 1216 2254 proposito,
1240 2177 1287 2232 scd

187 2250 320 2304 fortuitam
336 2250 582 2306 sllicitatcmnacta
599 2259 649 2306 ert.

272 2325 310 2382 ib.
330 2342 356 2384 ν.
373 2328 403 2388 7.
424 2343 477 2402 pro
490 2323 581 2404 μέγας
601 2325 690 2383 codex
709 2323 810 2383 Boicus
827 2327 957 2406 μαῦρος,
979 2321 1057 2399 quod
1079 2320 1193 2379 Graecis
1213 2335 1289 2377 nunc

187 2413 233 2470 cst
246 2413 363 2486 nigrum.
384 2408 449 2468 hinc
468 2407 578 2468 Pontus
595 2395 721 2468 Euxinus
740 2409 897 2490 appellatur
916 2406 1159 2483 Mourotlolcsoc,
1179 2406 1289 2482 regrum

187 2512 276 2572 mare,
297 2493 462 2553 Germanica
474 2494 750 2554 dceselrrocrsemeer.
1003 2483 1008 2508 ¹
1066 2549 1069 2558 ,

271 2580 309 2640 ib.
329 2598 356 2639 v.
374 2585 421 2642 12.
439 2599 492 2657 pro
504 2572 705 2662 χρυσόλευκον
718 2579 781 2637 cod.
795 2576 903 2635 '¹Boicus
924 2568 1131 2658 χρυσᾶσπροντ
1152 2575 1197 2630 est
1212 2570 1288 2628 enim

186 2680 263 2721 nunc
279 2663 394 2723 Graecis
415 2659 532 2747 ἕσπερον
552 2663 663 2742 album,
681 2669 713 2724 et
730 2667 808 2746 aspri
825 2663 930 2723 nummi
951 2679 1057 2740 genus,
1078 2664 1109 2718 et
1134 2651 1288 2738 ἆσπρίζειν

186 2748 319 2808 dealbare.

269 2836 306 2894 ib.
325 2851 352 2894 v.
373 2834 422 2897 18.
456 2832 543 2891 habes
559 2831 605 2892 hic
627 2825 767 2912 βλᾶτιον,
790 2832 838 2891 ubi
860 2831 1009 2892 manifeste
1025 2827 1141 2910 ponitru
1160 2847 1213 2908 pro
1228 2824 1287 2885 lato

185 2917 279 2998 spatio
293 2937 343 2978 seu
353 2937 405 2998 pro
419 2917 566 2978 latitudine
581 2919 731 2978 scaranici:
755 2920 806 2978 dcc
821 2919 916 2995 breite,
933 2911 968 2979 cd
986 2910 1083 2979 rclcrd
1102 2915 1159 2976 τοῦ
1177 2930 1288 2990 σπαρα-

185 3005 285 3066 vioov.
304 3004 406 3062 ibidem
427 3002 491 3080 lego
515 2997 788 3084 χρυσοκλαβαρικόν
809 3004 1023 3078 amiclccctum,
1044 3018 1102 3058 non
1125 3001 1289 3086 χρυσοκλα·

187 3084 329 3166 ὁᾰρικον,
346 3095 379 3148 ut
392 3088 477 3147 habet
489 3087 600 3166 lunius,
626 3091 752 3164 quicum
772 3108 935 3148 corsorcmo
951 3105 1001 3146 seu
1019 3085 1289 3160 remeantumque

180 3177 265 3256 pictis
275 3173 400 3233 laticibus
413 3174 524 3234 mirifice
541 3193 572 3232 se
583 3172 712 3232 oblectat
733 3174 836 3232 ibidem
853 3173 932 3252 lego:
961 3169 1012 3234 ἐπὶ
1032 3163 1153 3249 θρόνου
1174 3169 1289 3247 χρυσοῦ

186 3251 356 3338 ἆναβατοῦ,
377 3260 506 3318 r'otlorooo
518 3260 728 3332 eureosublo'mi,
748 3263 778 3318 io
792 3277 867 3338 quem
884 3277 933 3335 per
952 3257 1056 3333 aliquos
1075 3253 1178 3330 gradu
1196 3271 1289 3312 occea-

185 3343 270 3403 dilur.
291 3342 416 3402 lectionis
430 3344 561 3420 vulgatae
582 3349 667 3422 aptus
684 3362 783 3402 seusus
805 3343 884 3400 reddi
898 3341 1005 3416 nequit.

255 3437 292 3492 ib.
308 3457 335 3491 v.
352 3442 396 3496 20.
430 3439 617 3494 substantivum
635 3435 781 3512 ἄνᾶβατον
792 3443 950 3507 fermentum
968 3439 1024 3504 eet,
1050 3433 1119 3558 laod
1135 3449 1168 3488 so
1182 3437 1288 3518 turgeat

186 3505 294 3561 infletur
310 3514 337 3562 et
353 3508 476 3562 ascendat
491 3523 585 3565 mama.
620 3507 679 3561 hinc
702 3525 807 3577 asyma,
835 3505 955 3560 sacrificii
978 3504 1030 3558 ritu
1077 3507 1146 3580 aduc
1164 3503 1288 3556 celebrati

185 3576 331 3641 materiam,
360 3574 480 3630 lacrimosi
499 3594 571 3644 ccc,
601 3573 693 3645 quibus
718 3579 868 3630 termentum
895 3575 982 3641 deest,
1007 3573 1157 3626 vocitavere
1178 3571 1286 3624 Graeci.

185 3645 340 3700 sdicctivnm
356 3640 499 3715 ἅναβατος
515 3646 607 3700 tbrono
625 3661 749 3699 annexum
765 3644 899 3703 scansilem
915 3654 973 3700 eum
992 3651 1020 3698 et
1036 3643 1178 3706 elevatum,
1201 3647 1232 3692 nt
1254 3634 1295 3693 lo«

185 3711 341 3784 unanimes,
358 3713 392 3767 ds
409 3729 459 3783 qua
477 3732 523 3768 nos
540 3713 619 3782 alibi,
634 3713 798 3774 demonstrat

271 3823 298 3881 p.
314 3806 357 3866 22
376 3822 403 3862 v·
417 3801 445 3866 5·
475 3798 653 3883 ἕπιλῶρικον
673 3821 723 3860 seu
743 3794 936 3883 ἕπιλούρικον
954 3806 984 3860 et
1001 3797 1212 3879 ἔπιλουρίκιον.
1232 3799 1288 3856 viri

186 3889 274 3958 docti,
303 3887 396 3964 inquit
419 3887 609 3964 Glossarium,
633 3887 663 3945 id
686 3892 731 3946 est
756 3887 869 3964 Imaus,
897 3891 1102 3965 interpretentur
1116 3886 1285 3960 medactum

184 3978 311 4034 ciliciam
324 3973 397 4032 loris.
416 3993 467 4032 noo
478 3974 618 4044 debebcot3
640 3973 707 4032 nobil
720 3975 787 4031 enim
798 3973 876 4032 aliud
889 3978 927 4029 est
942 3989 1020 4049 quom
1038 3967 1161 4044 superata
1182 3965 1286 4026 tloruci

184 4058 342 4136 mpemodoi
358 4057 447 4116 solita.
478 4058 588 4122 notavit
611 4058 685 4116 bunc
707 4059 828 4118 eundem
849 4074 969 4116 errorem
991 4053 1064 4112 lunii
1080 4056 1148 4110 ente
1168 4051 1285 4110 Glossa-
1362 4049 1372 4072 “’

183 4144 257 4202 rium
273 4142 550 4204 GraecoBarbamun
569 4141 709 4219 Rigaltins
732 4144 761 4204 in
777 4163 829 4202 suo
851 4141 995 4199 Glossario
1009 4137 1126 4197 Tactico
1146 4137 1284 4196 mixobar-
1344 4145 1347 4153 “

184 4230 262 4287 baro.
283 4236 313 4287 et
327 4230 466 4305 quamvis,
488 4230 512 4288 si
529 4227 644 4286 verbum
659 4227 745 4288 verbo
761 4228 829 4287 velis
849 4227 982 4301 reddere,
1003 4221 1098 4302 potius
1116 4222 1154 4281 sit
1166 4223 1284 4302 capelo-

183 4317 330 4392 riccrium,
349 4315 404 4376 hoc
420 4321 465 4376 eet
478 4334 514 4378 ea
526 4315 612 4376 vestis
626 4331 700 4392 quae
718 4333 803 4394 super
815 4312 929 4374 loricam
948 4308 1093 4388 induitur,
1113 4327 1177 4368 cum
1191 4303 1283 4390 imos·
