3034 4916
278 340 353 414 aaa
436 311 651 407 'cucusum
664 335 719 402 su
733 335 866 405 cortu
880 335 1214 431 couneurrmus

278 508 324 588 git
340 501 545 588 aassdpaoota
561 521 618 582 quo
632 501 727 562 codice
747 497 859 563 fretus?
879 501 985 581 siquid
1002 501 1198 584 oonigendum
1212 501 1267 581 sit,
1288 503 1383 583 potius

282 601 314 654 et
329 613 397 654 vero
413 592 528 672 propius
553 589 716 649 correxerim
738 584 940 664 ascalerno,
969 590 1023 649 hoc
1039 597 1085 655 cst
1107 591 1145 650 ad
1168 589 1231 650 loca
1247 592 1383 670 patentia,

285 699 343 740 uno
355 678 442 739 verbo
453 678 491 736 ad
502 675 620 752 atrium,
640 693 690 732 seu
703 675 740 733 ad
754 667 898 755 diripera,
917 679 1059 736 transtra.

217 824 220 832 .
370 778 477 849 Quinta
490 776 630 836 sententia
643 780 688 833 est
700 775 825 834 eiusdem
841 773 970 852 Meursii‚
992 777 1040 852 qui
1053 779 1085 834 et
1102 775 1148 834 bic
1166 780 1197 835 et
1213 775 1243 834 in
1256 768 1384 855 catalogo
1399 764 1404 773 '

285 864 444 925 officialium
466 880 585 940 magnae
605 860 735 920 ecclesiae
766 856 998 942 μονοβάμβηλον
1016 867 1047 922 et
1074 855 1263 943 διβᾶμβηλον
1283 855 1306 920 ‘a
1330 859 1385 922 nala

285 951 494 1012 rescribendum
513 951 623 1024 censet,
642 948 724 1025 quasi
738 945 784 1004 ille
802 945 918 1024 simplex
938 946 1046 1027 velum,
1066 947 1111 1008 hic
1125 946 1228 1026 duplex
1240 947 1272 1006 in
1291 953 1386 1006 custo-

286 1038 334 1096 dia
351 1055 404 1096 sua
425 1034 567 1111 habuerit,
589 1033 687 1094 nebai
707 1033 822 1111 utiquc,
844 1033 892 1108 qui
911 1051 1023 1092 nuncu
1046 1035 1138 1118 inanis
1157 1036 1300 1102 ianitorem
1320 1051 1386 1095 nam

282 1123 338 1182 sub
352 1121 420 1183 vebs
437 1120 502 1180 olim
515 1138 561 1178 res
577 1118 734 1195 gerebatur.
756 1123 895 1178 caeterum
907 1137 964 1178 mss
978 1119 1060 1178 codd.
1076 1118 1201 1196 inprimis
1214 1123 1386 1198 repugnant,

282 1227 402 1285 quorum
425 1206 518 1265 nullus
540 1205 623 1263 istam
639 1204 807 1284 scripturam
826 1204 908 1263 nabis
923 1203 1043 1264 exhibet
1075 1205 1178 1265 deinde
1195 1203 1386 1283 lampadarius

284 1301 385 1354 teneus
413 1285 620 1372 ὅιβάμπουλον
641 1309 704 1350 cum
727 1289 857 1370 lampade
877 1307 994 1348 accensa
1017 1284 1224 1371 ὁιβᾶμπουλον
1244 1289 1277 1347 in
1300 1307 1385 1350 manu

284 1379 433 1460 portabat:
456 1395 515 1436 non
528 1374 783 1452 eratergovelum‚
803 1393 892 1451 aquo
907 1375 1003 1436 sobrii
1020 1381 1051 1434 et
1072 1374 1190 1436 cortada
1208 1373 1265 1434 usli
1281 1393 1386 1434 nomen

281 1465 376 1523 sortiti
402 1469 478 1520 sunt.
509 1479 561 1519 nec
594 1461 671 1518 iuvat
702 1460 776 1520 hauc
806 1461 965 1539 opinionem
993 1457 1160 1520 Anastasius
1193 1459 1224 1518 in
1256 1459 1385 1536 Sylveria

281 1555 332 1608 aut
352 1547 463 1606 collatio
483 1565 546 1604 cum
566 1544 725 1604 Donatistis
742 1546 819 1624 apud
850 1547 872 1603 S
894 1545 1098 1622 Augustinum:
1126 1544 1196 1604 nihil
1213 1545 1291 1604 enim
1308 1544 1385 1604 aliud

282 1634 439 1693 ostendunt
454 1651 538 1709 quam
558 1631 612 1690 sub
633 1629 696 1690 velo
716 1650 762 1690 res
777 1629 842 1690 olim
859 1630 1030 1709 disceptatns
1047 1633 1149 1708 fuisse,
1167 1630 1228 1688 sive
1245 1649 1305 1690 uno
1327 1631 1386 1690 sive

282 1718 408 1790 duobus;
429 1722 508 1776 extra
521 1717 598 1795 quod
607 1716 699 1775 udum
713 1723 810 1796 partes
823 1717 1032 1796 exspectabant.
1050 1717 1236 1797 pranderunt
1246 1718 1386 1796 ulmosque

276 1808 369 1883 partio
381 1806 493 1880 episcpo·
500 1847 509 1877 ,
533 1803 625 1879 inquit
638 1802 773 1862 Collatia:
795 1803 906 1864 citabat
919 1804 1068 1864 sabldaitas
1083 1810 1149 1877 tua,
1170 1803 1385 1865 sbtrmittentur.

280 1890 322 1948 sic
337 1890 364 1948 b.
379 1889 521 1964 Sylverius
539 1887 577 1946 od
589 1890 705 1966 primata
724 1889 907 1948 dasoundam
927 1888 1013 1950 aeluri
1033 1891 1144 1950 aalma
1164 1905 1262 1949 mana
1277 1886 1387 1946 claua.

281 1975 350 2052 quid
361 1974 429 2032 haec
442 1975 479 2116 qd
495 1973 698 2053 lampadarium
712 1978 858 2052 nostrum,
878 1973 923 2034 cui
935 1977 991 2036 sori
1001 1966 1209 2055 διβαμπούλου
1223 1989 1294 2036 arna
1310 1989 1385 2032 cam-

280 2061 366 2118 missa
381 2063 443 2117 erat

367 2159 454 2216 Sexta
464 2158 604 2244 sententia
611 2164 657 2218 est
664 2151 1085 2239 daddpnaalovesseduplicem
1094 2149 1386 2240 ampullametpasui-

282 2250 419 2322 puoulov
428 2243 580 2321 simplicem
591 2244 756 2324 ampullam
771 2245 844 2304 hanc
853 2247 977 2306 tenunse
989 2245 1020 2302 in
1031 2243 1192 2304 elericorum
1201 2243 1387 2304 ordinationi-
1502 2247 1503 2268 ¹

175 2337 197 2390 P
214 2336 265 2393 215
280 2329 334 2390 bus
347 2336 378 2390 et
390 2329 592 2389 initiationibus
607 2332 761 2390 secundum
774 2330 928 2409 ostiarium,
945 2329 981 2390 de
995 2349 1052 2406 quo
1065 2331 1095 2389 in
1109 2335 1190 2388 sexta
1201 2332 1328 2409 peutade
1344 2330 1386 2389 of-

279 2417 408 2476 ticialium
415 2435 534 2493 magnae
541 2416 681 2495 ecclesiae,
693 2415 769 2476 illam
778 2418 901 2476 tenuisse
907 2415 1110 2497 larnpadarium
1122 2415 1151 2473 in
1161 2413 1386 2476 solemnitatibus

279 2521 350 2582 quas
364 2503 492 2561 Codinus
505 2503 652 2563 describit:
675 2502 717 2560 ita
730 2501 818 2561 etiam
832 2503 894 2582 ipse
906 2501 1047 2561 Meursius
1056 2523 1082 2560 v.
1094 2493 1313 2582 διβάμπουλον.
1333 2501 1387 2562 sed
1501 2569 1502 2586 χ

279 2589 349 2665 quid
363 2589 392 2645 iu
412 2587 614 2665 hisampullis?
634 2589 664 2646 in¹
677 2588 857 2666 monampulo
876 2607 934 2647 non
952 2587 1052 2646 dubito
1066 2586 1154 2644 fuisse
1168 2587 1304 2665 chrisma,
1328 2605 1386 2666 quo

279 2674 329 2752 qui
339 2673 496 2732 sacerdotio
505 2673 649 2731 initiantur
658 2673 843 2750 inunguntur,
854 2672 884 2732 iu
894 2672 1056 2751 dibampulo
1073 2677 1168 2730 autem
1179 2671 1267 2731 fuisse
1274 2691 1386 2732 sacrum

280 2758 372 2818 oleum
382 2763 412 2816 et
421 2757 550 2834 chrisma,
562 2762 596 2814 ut
604 2758 756 2836 imperator
768 2758 907 2817 unctionis
917 2777 984 2816 suae
992 2764 1051 2817 tam
1061 2758 1091 2816 iu
1105 2757 1245 2836 baptismo
1260 2777 1346 2836 quam
1356 2759 1386 2817 in

279 2842 460 2920 imperatoria
471 2843 685 2930 inauguratione
698 2861 809 2923 semper
822 2861 929 2903 memor
938 2848 1021 2902 esset.
1042 2843 1086 2906 his
1101 2844 1174 2902 forte
1191 2841 1282 2903 lucem
1295 2843 1387 2920 dabit,
1500 2875 1501 2886 κ

279 2929 393 2985 tametsi
402 2927 515 3006 exilem,
535 2929 639 2986 citatus
653 2947 671 2986 a
683 2927 807 2987 ltleursio
821 2926 976 3007 Ansegisus
994 2930 1013 2993 1
1032 2933 1110 2994 162:
1128 2929 1265 3010 ptwbyler
1278 2931 1310 2988 in
1322 2947 1387 2988 cem

280 3012 382 3072 damini
406 3011 475 3071 duas
495 3013 629 3090 ampullas
648 3032 734 3073 secam
763 3014 881 3093 deserat,
900 3035 982 3075 anam
1004 3013 1042 3074 ad
1062 3014 1192 3089 chrisma,
1214 3015 1328 3074 alteram
1345 3011 1387 3073 ad

280 3097 383 3173 deum,
404 3097 443 3156 ad
457 3097 652 3157 artemonianos
663 3100 827 3176 inungendos
843 3099 886 3160 ael
898 3101 1023 3178 infirmos.
1046 3099 1173 3158 fecerunt
1188 3119 1256 3178 ergo
1271 3099 1386 3178 Graeci,

279 3188 314 3240 ut
333 3182 388 3242 alia
405 3182 510 3262 multa,¹
531 3183 571 3241 sic
595 3189 626 3243 et
645 3185 778 3264 ampullae
797 3204 900 3244 nomen
912 3205 994 3243 suurn
1013 3184 1042 3242 in
1056 3187 1259 3264 mmsampaloet
1278 3185 1385 3246 ntan-

275 3267 358 3346 palo,
379 3269 607 3345 seugeminatol
620 3268 799 3349 dibampullo,·
820 3288 838 3328 a
862 3289 919 3346 quo
941 3290 996 3330 vox
1014 3269 1100 3330 ctiam
1118 3271 1286 3330 Gennanica
1298 3265 1387 3350 stapel

279 3353 362 3429 quasi
377 3353 497 3431 ampulla
514 3354 668 3414 descendit
689 3359 719 3413 et
737 3356 810 3414 hanc
824 3357 994 3418 sententiam
1007 3375 1062 3434 ego
1084 3376 1153 3435 prae
1170 3357 1231 3416 aliis
1245 3356 1337 3436 probo
1353 3361 1386 3414 et

279 3437 449 3516 amplector,
466 3437 532 3497 licet
543 3439 705 3500 ‘Balsamon
723 3440 753 3500 in
770 3441 871 3502 melete
893 3462 944 3502 seu
968 3441 1167 3525 exercitatioris
1184 3460 1237 3501 sua
1258 3439 1329 3500 nihil
1346 3441 1385 3500 de

280 3522 431 3601 dibampalo
454 3523 615 3601 imperatori
635 3545 653 3584 a
672 3525 847 3606 lampadario
868 3527 1002 3606 praeferri
1025 3527 1127 3604 solito,
1148 3529 1200 3586 sed
1220 3533 1333 3586 tantum
1346 3525 1385 3586 dc

278 3606 410 3688 lampade
422 3608 535 3669 scribat
556 3629 608 3669 nec
622 3629 782 3690 quenquam
796 3614 893 3673 turbet
907 3613 976 3673 illud
987 3613 1019 3689 βε
1040 3613 1094 3671 etsi
1111 3612 1185 3672 enim
1208 3612 1271 3671 sola
1285 3610 1386 3672 vocula

279 3694 311 3756 da
329 3693 470 3776 duplicat,
488 3701 523 3754 ut
537 3696 675 3774 ligurias,
694 3697 740 3758 hic
752 3705 847 3761 tamen
867 3697 905 3759 ob
922 3698 1046 3760 vocalem
1057 3699 1257 3781 sequentemfi
1276 3697 1385 3757 interii-

277 3779 368 3859 citm,
385 3781 542 3860 euphoniae
556 3801 648 3848 causa,

349 3894 480 3948 Graecum
504 3895 670 3967 proverbium
693 3896 766 3951 lubet
788 3897 839 3951 buc
867 3911 1014 3950 accusare:
1040 3889 1114 3951 ὅπου
1136 3891 1237 3950 scallol
1259 3891 1386 3952 ustassai

279 3957 1047 4105 attestata&laudardiaca
1063 3965 1384 4089 aasentias

279 4113 312 4149 ex
329 4069 393 4152 lbcis
410 4117 488 4155 sensu
505 4110 607 4155 cannot.
661 4101 752 4166 ὐθους
767 4073 845 4158 stia’m
862 4105 938 4158 hodie
957 4106 1093 4175 proverbia
1108 4104 1209 4159 dicante
1229 4073 1386 4173 repuleras

277 4163 367 4235 itaque
383 4171 519 4238 proteram.
554 4189 605 4242 quo
650 4188 709 4226 uras
724 4173 751 4225 ia
766 4190 797 4226 re
813 4175 925 4228 obscura
941 4175 1100 4240 sentcntiae,
1123 4192 1155 4229 so
1178 4173 1262 4228 dubiis
1278 4171 1385 4227 maiori·

277 4235 326 4288 bur
350 4253 421 4290 ruens
443 4237 563 4295 fluctuat.
607 4257 677 4314 opos
698 4258 790 4295 vocem
814 4238 1010 4314 dspolprsoalos
1033 4243 1118 4297 allatis
1142 4260 1159 4298 a
1181 4245 1311 4296 Gretsero
1336 4257 1384 4295 sex

276 4303 407 4370 sensibus,
427 4323 502 4376 quem
518 4310 660 4379 amplectar
672 4327 723 4394 uqa
740 4310 833 4366 videos
855 4313 951 4366 certior
964 4311 1051 4383 itaque
1068 4330 1150 4396 meum
1165 4313 1193 4396 ip
1209 4311 1322 4366 modium
1338 4309 1385 4366 ad-

276 4369 367 4428 ducam
389 4391 422 4429 sx
444 4375 612 4446 Bnlssuonc,
636 4378 765 4436 umaro
787 4379 821 4437 da
844 4381 1046 4455 patriarcharum
1069 4381 1220 4454 privilegiis.
1254 4381 1340 4437 lunen
1356 4383 1385 4433 a
