3034 4916
167 402 172 408 .
277 331 354 404 aaa
444 327 653 398 onnrsnnr
667 318 724 394 at
739 308 1216 400 ootmcomnmnsnnros

277 489 357 564 apae
366 485 512 549 Ἰδοοὶσασο
531 485 583 548 οὖν
597 491 662 554 cain
676 483 766 552 αδσοδ
781 483 870 546 enan
885 485 935 544 aul
950 487 1002 546 aod
1019 486 1145 552 Πρίσαοο
1160 483 1210 541 atti
1226 485 1278 556 cain
1294 481 1382 542 οδσοδ

279 555 412 633 poemate
434 559 589 646 Δορονοίαρ
609 553 756 630 ἱσταμένας
780 553 909 630 aindoma,
933 554 983 612 aad
1011 553 1140 627 ὲνμανοὶρ
1165 553 1285 626 γεγονὸς
1308 551 1380 612 ἄπο

276 649 295 687 a
314 632 423 701 ηδῆναι
441 647 507 692 voce
523 623 683 700 δημάρχοορ
704 621 843 684 lulianus·
859 622 1024 696 δεηθέντων
1045 620 1078 680 oi
1103 627 1159 680 acia
1184 621 1283 695 δήμων
1305 623 1384 694 μόλις

302 700 392 770 φῆνον
409 693 520 761 αὐτούς.
557 697 673 752 Venetae
690 701 774 750 auten
793 697 860 767 parti
877 695 959 766 megla
977 694 1075 750 halare
1095 695 1262 778 imperatores
1283 709 1384 766 semper

275 775 341 828 ,aunt
359 768 427 831 viai,
444 767 590 837 eisdemque
608 766 741 822 Prasinam
760 765 841 820 minas
859 765 986 820 effectam.
1022 764 1097 818 'l'heo
1117 765 1168 817 hrlo
1190 779 1246 818 eam
1271 757 1305 816 oh
1329 779 1384 816 rem

279 837 307 892 in
325 838 454 890 theatrum
473 835 586 890 venienti
609 834 779 890 succlamabat
801 833 844 890 illa
866 833 935 905 apud
958 833 1071 886 Leomm
1121 831 1309 890 mmmaticumr
1333 849 1382 889 aet·

280 896 468 1030 isichii&
487 899 959 1028 iffltihrittlmrl⁰ii
977 901 1384 1026 hrtlilhllitlhlti

279 1044 429 1111 subrogati,
447 1043 595 1114 imperatori
613 1041 639 1096 in
660 1013 780 1096 'oblicum
794 989 1009 1114 praeelectionis
1029 1040 1129 1094 sextilia
1144 1045 1270 1124 poterant
1281 1046 1383 1102 eatam

279 1112 493 1182 iidemqueaunt
515 1113 560 1183 qui
585 1060 705 1183 populum
726 1127 775 1185 per
802 1107 968 1166 contubernia
991 1107 1075 1166 tribua
1097 1125 1216 1192 regiones
1232 1115 1259 1163 et
1277 1109 1385 1178 collegia

282 1181 391 1236 diruam
407 1183 550 1252 regebant,
567 1197 632 1253 quoa
647 1179 888 1250 σρωσοπολδσαρσ
906 1178 1065 1252 'l'hecphaue
1088 1186 1200 1249 acnptoa
1221 1179 1384 1232 observabis.

367 1305 396 1367 p.
406 1283 448 1354 48
462 1305 488 1344 v.
503 1287 553 1348 ΞΟ.
574 1283 744 1366 annuorum]
760 1286 856 1365 inepte
865 1283 961 1346 Iunius
971 1290 1091 1346 mutuum
1103 1303 1207 1347 manue.
1249 1283 1385 1346 nihilne-

279 1371 334 1434 lius
353 1391 439 1450 quam
459 1374 553 1452 ipsum
574 1372 714 1432 Graecum
732 1389 836 1432 nomeu
856 1371 984 1431 retinere.
1027 1363 1089 1430 erat
1104 1370 1186 1448 panis
1205 1389 1240 1432 ex
1259 1389 1319 1448 quo
1333 1391 1385 1452 pro

281 1459 449 1521 eucharistia
469 1455 640 1516 conficienda
660 1475 727 1538 pars
750 1457 879 1532 desecta,
899 1456 1005 1534 quique
1015 1461 1083 1518 ante
1091 1453 1234 1534 liturgiam
1248 1476 1301 1537 pcr
1313 1463 1385 1517 tem-

281 1544 361 1624 plum
382 1540 558 1606 circumlatus
581 1542 681 1602 iuerat.
722 1542 847 1602 infinita
866 1541 980 1618 liturgia
994 1541 1215 1601 distribuebatur
1229 1542 1385 1622 praesenti-

279 1629 334 1690 bus
356 1627 557 1688 benedictionis
579 1628 686 1704 gratia,
706 1629 806 1704 utqui
825 1627 1009 1688 eucharistiae
1018 1626 1170 1707 participes
1181 1645 1241 1689 non
1254 1629 1385 1706 fuissem,

280 1714 383 1774 saltem
399 1713 505 1773 dehoc
526 1711 673 1774 benedicto
689 1731 763 1796 pane
783 1714 991 1794 participarent
1310 1737 1314 1744 ⁴

350 1829 451 1884 Summa
478 1828 639 1882 Graecorum
671 1841 737 1896 erga
760 1820 918 1895 ἄντίδορον
947 1826 1132 1882 communionis
1162 1826 1310 1890 uicarium,
1337 1843 1385 1898 pa·

279 1915 338 1954 nem
360 1897 535 1961 benedictam,
560 1895 651 1965 religio
673 1904 729 1961 eat,
748 1901 777 1950 ut
800 1897 822 1950 ai
841 1902 1054 1952 tenementorum
1073 1914 1123 1949 non
1140 1900 1182 1950 eat
1196 1897 1344 1969 particeps,
1357 1898 1384 1952 ii-

279 1968 323 2022 lod
343 1968 468 2038 ipsemet,
495 1966 572 2020 etiam
591 1965 744 2035 imperator,
765 1970 794 2019 ut
814 1965 857 2017 hic
875 1965 961 2030 videa,
985 1967 1012 2018 in
1029 1965 1140 2020 ecclesia
1154 1965 1189 2020 de
1205 1982 1283 2022 manu
1298 1983 1384 2021 mcer-

276 2037 345 2092 dotia
361 2037 442 2091 sacris
456 2034 536 2088 finitis
558 2035 675 2106 accipiet.
710 2034 743 2088 de
761 2051 793 2088 eo
814 2050 862 2090 noa
876 2034 904 2088 ln
917 2033 1109 2104 Euchologicis.

364 2159 393 2222 p.
404 2139 445 2208 49
454 2158 481 2200 v.
495 2144 524 2206 3.
545 2140 715 2222 paegniotae
729 2141 894 2201 Germanice
907 2141 1052 2222 rpiellecia.

348 2255 501 2326 comptus
522 2250 672 2325 pronuntiat
693 2253 786 2324 vulgus
809 2250 1027 2326 ααιηνιδιώσαρ,
1055 2256 1165 2320 lusum,
1196 2253 1241 2326 qui
1265 2254 1385 2311 videlicet

278 2323 369 2380 indunt
387 2324 490 2380 nmina
513 2324 702 2394 instrumentis,
722 2335 750 2379 ct
772 2341 804 2380 ea
822 2326 866 2379 vel
883 2326 987 2396 pulsant
1003 2325 1046 2380 rel
1063 2325 1164 2380 inflant.

346 2429 414 2484 idid.
453 2425 657 2500 perenniterque
674 2425 764 2485 scribit
781 2427 936 2483 Theodotus
954 2427 981 2482 in
1000 2427 1061 2490 lure
1079 2427 1140 2486 GR„
1175 2425 1316 2484 choniates
1336 2423 1382 2500 βο·

276 2515 384 2568 μανον,
402 2497 446 2554 elii
465 2494 589 2571 βύσσινον.

361 2589 398 2650 t'b.
411 2606 438 2649 v.
453 2587 481 2648 4.
503 2587 652 2646 annalistae
666 2603 683 2644 a
696 2585 810 2646 mnellio
824 2586 1012 2647 instrumento
1024 2587 1139 2649 musico.
1166 2586 1244 2669 quod
1258 2605 1327 2648 num
1339 2585 1385 2647 ln-

276 2674 341 2734 nius
354 2679 430 2732 recte
449 2671 479 2730 in
494 2671 723 2734 annotationibus
736 2673 795 2730 suis
810 2671 945 2752 explicet,
966 2672 1029 2753 quis
1039 2693 1092 2730 nos
1108 2679 1201 2733 certos
1215 2670 1324 2733 faciet?

258 2770 262 2776 ’
350 2771 533 2853 symphoniaci
557 2769 714 2833 αοοαίοἰοσο,
736 2769 840 2824 leucam
863 2771 896 2824 de
919 2777 1024 2826 corana
1052 2773 1070 2822 ὰ
1096 2771 1219 2838 δοοηαίο.
1262 2771 1383 2841 sympho-
1502 2761 1503 2772 ¹

280 2838 357 2892 niaco
378 2857 432 2894 uve
458 2840 554 2893 musice
576 2855 687 2902 cornua,
711 2839 804 2906 quibua
822 2838 956 2897 etiamnum
976 2839 1051 2893 hodia
1069 2839 1160 2892 ludunt
1177 2839 1325 2894 Dervisides
1341 2858 1385 2892 re·

280 2908 363 2976 ligioai
390 2908 512 2974 Turcaa,
536 2903 690 2975 coeperitne
706 2913 800 2963 vocant
827 2907 937 2974 Graeci,
955 2907 1103 2965 Derrisides
1127 2909 1245 2965 iniiamea
1263 2907 1384 2962 eiusmodi

279 2977 448 3032 iustrumenta
466 2971 680 3046 connectionis,
696 2993 782 3045 voce,
800 2984 829 3031 ut
845 2977 906 3032 mihi
925 2977 1028 3049 quidem
1046 2976 1166 3044 videtur,
1184 2995 1249 3049 prae
1266 2995 1383 3048 σοοροο-

281 3042 376 3107 δισσάς
391 3045 472 3099 minus
491 3052 621 3116 corrupta.

350 3130 386 3184 ib.
406 3148 432 3184 v.
449 3132 492 3184 11.
510 3123 628 3184 ἐπὶτῶν
644 3124 727 3200 ὄμμα
741 3127 847 3203 αὐτῶν]
866 3131 994 3201 Barangi,
1017 3148 1082 3202 quoa
1098 3150 1150 3186 nun
1169 3129 1289 3186 umoloco
1306 3134 1384 3186 nata·

282 3196 427 3268 αοφόροορ
451 3201 533 3276 dictos
558 3198 689 3282 reperias,
715 3200 838 3272 bipennes
859 3217 943 3256 curam
967 3202 1121 3272 imperatore
1138 3201 1250 3256 humeris
1268 3200 1384 3256 solebant

279 3275 393 3336 gestare.
428 3272 502 3322 Anna
526 3267 642 3324 Alexrad.
667 3267 701 3323 4:
720 3265 797 3332 ‘corin
819 3264 852 3324 dl
879 3267 925 3324 dni
941 3271 998 3324 σῶν
1014 3263 1096 3339 ὤμων
1111 3266 1147 3327 σοὶ
1164 3263 1320 3338 ictericorum
1334 3266 1384 3338 φέ-

279 3355 382 3404 ροντας
399 3335 466 3407 ξίφη
489 3333 722 3407 manutenentia.
755 3339 864 3394 Nicetes
886 3340 914 3392 iu
937 3340 1028 3396 Alexio
1051 3343 1083 3396 aa
1114 3337 1164 3395 aul
1181 3333 1239 3393 sind
1255 3340 1340 3394 anaide
1357 3332 1386 3392 ul

278 3400 331 3477 pie
348 3403 506 3476 δορυφόροι
522 3402 558 3460 cul
575 3402 621 3462 tei
637 3407 693 3462 cciv
710 3402 792 3536 ὤραν
809 3401 982 3478 ἕτερόθηασα
998 3408 1066 3478 ξίφη
1091 3406 1275 3478 παρήνεγκαν.
1310 3410 1385 3463 Anna

281 3493 372 3531 amana
389 3477 409 3533 l.
427 3478 460 3530 aa
477 3473 631 3545 συνήγαγεν
647 3472 713 3542 τοὺς
744 3475 776 3532 nl
791 3479 847 3534 cciv
861 3473 944 3548 ὤμων
959 3473 997 3533 σοὶ
1014 3478 1081 3548 ξίφη
1098 3477 1316 3547 κραδαίνοντας.

363 3564 400 3625 ib.
418 3584 445 3625 v.
462 3567 510 3629 15.
547 3561 713 3646 βηλόθορα]
745 3565 835 3646 infra,
864 3585 927 3626 curn
948 3568 985 3625 de
1009 3567 1190 3627 coronatione
1207 3565 1384 3644 imperatoris

277 3651 457 3730 disputatur,
488 3651 637 3728 aliquoties
668 3652 743 3714 idem
771 3670 875 3712 nornen
901 3653 1037 3731 occurrit,
1066 3653 1254 3732 compositum
1272 3670 1308 3712 ex
1327 3651 1385 3710 cela

276 3733 383 3798 Latino
404 3743 434 3796 et
455 3733 566 3796 Graeco
584 3731 684 3818 θύρα,
711 3738 832 3799 velatura
855 3757 906 3797 seu
927 3739 1067 3816 celatura,
1097 3755 1170 3814 qnae
1194 3743 1240 3796 est
1260 3736 1324 3797 loco
1344 3737 1385 3796 ia-

277 3840 360 3884 nuae.
400 3819 535 3882 reclamat
549 3822 697 3884 Mensius.
738 3844 790 3884 non
808 3831 849 3885 est
864 3825 1004 3896 odoturc,
1025 3823 1150 3902 degeneri
1168 3822 1385 3899 οαδοΕοσιοοο,

278 3909 325 3967 aad
351 3906 584 3991 παραπέτασμα,
615 3909 686 3988 quod
711 3908 850 3970 diductum
873 3913 973 3971 ianuae
997 3911 1084 3969 irutar
1109 3914 1275 3969 araneantes
1295 3915 1386 3967 irona-

277 3995 372 4056 naittit.
422 3991 619 4073 Aristophanis
643 3993 807 4054 scholiastes
835 3995 873 4054 ad
901 3993 1014 4054 Ranae:
1049 3988 1299 4075 παραπετάσμασι
1319 3995 1386 4064 ταῖς

279 4082 420 4156 σκηναῖς,
441 4085 504 4152 τοῖς
519 4083 680 4160 Περσικοῖς
694 4074 801 4159 βήλοις
814 4075 837 4161 ἢ
849 4075 1045 4161 antonine.
1086 4081 1139 4140 sed
1158 4098 1217 4138 non
1230 4079 1314 4138 video
1335 4096 1385 4136 cur

279 4156 454 4242 βηλὸθορον
468 4183 526 4223 non
547 4164 639 4243 possit
655 4183 718 4223 esse
737 4171 905 4246 utrumque,
923 4166 1015 4227 velum
1030 4165 1135 4226 scilicet
1150 4165 1266 4242 ianuae,
1286 4169 1321 4223 ut
1331 4183 1384 4224 no-

280 4263 346 4304 rnen
361 4247 453 4326 ipsum
467 4249 588 4327 indicat,
614 4257 645 4310 et
660 4249 752 4309 velum
769 4251 832 4312 loco
852 4251 960 4312 ianuae.
1002 4252 1087 4312 etiam
1108 4252 1138 4310 iu
1152 4250 1318 4330 pontificum
1340 4247 1384 4306 hi⁴

279 4332 369 4393 atoria
384 4333 462 4413 apud
482 4331 663 4397 Anumsium
679 4337 819 4418 occurrit,
843 4337 874 4399 iu
893 4336 1040 4421 Stephano
1062 4336 1118 4398 Vl:
1147 4335 1222 4417 jecit
1242 4333 1384 4413 ueletiam
