3016 4906
353 329 356 338 ’
412 389 414 396 ,
493 317 540 388 m
561 317 811 392 conatuum.
833 321 915 394 XX.
1177 324 1254 400 *³79

152 479 294 544 vocatam,
318 477 389 549 qood
409 479 516 534 mammo
537 495 639 552 semper
663 495 728 536 eon·
744 481 922 552 comitaremr,
946 497 978 536 aa
992 483 1019 537 ἰο
1036 481 1133 556 palatio
1149 484 1182 540 ad
1199 487 1255 540 etos

153 551 255 602 cellam
273 547 392 616 (κιλλίον
408 548 473 634 euirp
489 548 565 603 etiam
581 549 739 620 imperatoria
754 552 879 634 seoretius
902 553 1034 623 personale
1059 553 1151 607 dietum
1177 572 1255 625 supe-

151 616 1257 758 ildmtbbttftii‘'tunitii'‘li⁸¹nttnitt3⁰rlltllzi
1372 681 1375 686 ·

151 755 200 808 aui
218 753 337 836 (palatini
348 754 475 824 nimirum)
491 763 517 810 ot
526 757 672 838 spiritualia
682 765 757 826 pater
770 707 913 828 tingamus
924 776 1037 828 magnus
1046 762 1256 830 protosyngelua.
1348 815 1350 818 .

151 823 306 906 deranae
321 831 475 893 imperatore
490 825 601 946 lapurtur
617 825 650 878 ad
673 826 803 908 concilium
821 828 995 912 Floreptinam
1011 827 1078 881 riam
1096 835 1255 897 comanente.

150 892 250 944 sombrt
266 907 343 958 porro
366 900 523 978 protospnge
533 910 587 960 um,
601 901 681 978 prout
697 895 740 951 alu
756 897 859 954 Graece
875 898 1019 966 aeyptiae,
1036 897 1070 952 ob
1081 897 1186 950 eandem
1198 915 1256 951 cam

150 957 289 1026 orientium
306 967 537 1030 pronuntiationem
554 969 581 1017 et
600 969 743 1033 lgnoratum
767 961 915 1036 eumitren
938 965 1057 1038 propriae
1080 966 1153 1018 vocis
1174 965 1257 1036 signi-

150 1028 286 1083 fioaatiam
305 1035 332 1084 et
350 1029 481 1099 originem.
688 1039 694 1050 “
837 1031 863 1068 ι’

229 1129 256 1180 p.
270 1113 320 1167 105
330 1133 356 1168 v.
372 1115 413 1170 14.
429 1110 650 1188 καθηροΰμενοι]
662 1135 725 1188 qnos
737 1111 908 1188 ἡγουμένους
918 1131 1018 1187 qnoque
1028 1117 1148 1172 diaimnsu
1165 1133 1255 1186 προη-

151 1176 313 1252 ρονμένονς
334 1189 433 1250 autem,
459 1185 505 1252 gui
517 1185 574 1248 lios
595 1187 623 1240 iu
644 1187 730 1241 officio
751 1194 958 1258 praecesserunt,
982 1193 1009 1241 et
1025 1187 1181 1258 superiorum
1197 1201 1255 1241 ma·

153 1267 238 1318 nere,
257 1267 308 1322 quo
324 1269 354 1308 εο
369 1251 533 1322 abdicarunt,
548 1261 607 1308 sunt
623 1255 713 1311 functi.

1 1405 2 1408 ,
229 1352 294 1406 ibid.
326 1347 379 1421 τὴν
401 1355 557 1440 σφραγῖδα]
575 1352 742 1429 πρόβληιιν,
766 1357 949 1426 agapetarum,
971 1357 1157 1426 promotiorem
1176 1354 1255 1408 iutel-

56 1474 58 1478 ,
151 1421 229 1490 liga,
255 1438 322 1491 qaae
336 1424 407 1476 facto
423 1423 506 1478 oracio
525 1442 598 1494 signo
626 1426 807 1510 compleretur.
832 1426 947 1498 requirar
971 1427 997 1480 iu
1012 1423 1211 1494 Euobalogioi13
1228 1436 1255 1478 et

152 1490 276 1546 eonsules
292 1497 445 1563 ροιεοεοοεοο
460 1493 709 1566 superioriaoapitu
723 1500 818 1550 uotam.
1243 1559 1245 1564 ,

244 1597 280 1661 ib.
302 1615 328 1658 v.
351 1602 399 1664 17.
427 1597 479 1662 eol
501 1599 534 1664 oi
556 1595 611 1679 piu
633 1593 777 1682 ἀρχιερεῖς
797 1599 841 1676 εἰς
866 1597 1074 1684 προσκύνησιν
1099 1601 1156 1662 rori
1169 1599 1256 1679 βασι-

151 1677 251 1756 λέως,
273 1677 316 1756 οἱς
337 1681 465 1762 εἴρηται,
490 1680 644 1765 ἐρχόμενοι
666 1681 739 1764 perol
760 1689 822 1747 τοῖν
841 1679 970 1764 ἐχόντων
991 1683 1127 1766 pourton
1153 1676 1256 1746 edraim

1 1827 2 1838 ,
152 1760 330 1846 ποταμούς]
349 1765 446 1826 hunius
460 1786 488 1845 p.
502 1772 565 1832 212
579 1769 708 1826 editionis
721 1787 805 1844 suae,
821 1769 872 1830 1a
887 1775 929 1834 20
938 1788 966 1828 n.
983 1773 1039 1834 16:
1060 1771 1154 1828 summi
1168 1773 1256 1826 autem

35 1913 42 1926 ‚
153 1851 306 1910 sacerdotes
319 1849 358 1910 ad
371 1851 541 1912 salutandum
551 1855 745 1932 imperatorem,
767 1858 799 1912 ut
814 1853 945 1926 diximus,
964 1857 1094 1912 uenientes
1116 1852 1257 1912 tumultis
1367 1853 1372 1860 ’

152 1935 303 2014 mondpnm
321 1954 397 1996 tuum
418 1937 580 1998 habentibus.
607 1956 763 2018 perperam.
783 1937 846 2014 lego
865 1956 900 1996 ex
915 1938 1010 1998 codice
1026 1936 1159 1999 Lauther.
1182 1929 1257 2016 perui

152 2023 220 2082 τοῖν
234 2014 360 2101 ἐχόντων
374 2015 518 2098 punition
531 2016 635 2085 ον’τοῖν
644 2016 806 2102 ποταμούς.
827 2040 885 2088 cum
899 2023 1021 2101 mundym
1034 2027 1090 2082 suis
1099 2021 1256 2080 habentibus
1271 2021 1294 2076 Ρ
1310 2021 1362 2078 263
1394 2095 1397 2102 .

149 2107 273 2187 fluuios,
295 2105 350 2166 boc
363 2111 479 2168 osteum
492 2107 614 2189 mundym
623 2107 769 2168 modulatis.
791 2107 820 2165 in
844 2107 949 2188 scripto
964 2107 1099 2168 Graecob.
1114 2106 1132 2165 l.
1148 2104 1259 2172 2Tur-
1315 2177 1324 2190 .

152 2193 369 2268 cogr.p.108:
389 2190 441 2254 nul
459 2192 559 2271 μονδῆ
580 2189 617 2271 με
635 2188 707 2266 uode
727 2185 893 2272 monopolio.
914 2193 1076 2272 pandrina,
1098 2191 1190 2267 inquit
1213 2189 1260 2249 ille

155 2276 284 2334 Graccus
297 2274 328 2332 in
345 2273 482 2354 Tarcogr.
495 2297 524 2356 p.
541 2278 618 2355 189,
639 2272 802 2357 iiyaooru‘d
818 2274 904 2357 φέρει
919 2269 1021 2339 ἐπάνω
1037 2275 1056 2341 d
1075 2271 1260 2376 πατριάρχης

155 2355 233 2440 μετὰ
247 2363 405 2440 ποταμοῖν,
427 2357 477 2423 duni
502 2355 536 2423 ed
553 2357 724 2424 διδακτικόν
739 2355 885 2437 ὀφείλειν.
907 2362 1008 2420 dicimr
1026 2380 1095 2439 ergo
1112 2361 1259 2441 μανδνιις,

154 2445 320 2526 punition,
350 2446 453 2526 μανδῆ
473 2448 503 2504 et
523 2446 665 2526 μοντὶον,
692 2463 788 2521 aquo
805 2445 835 2503 in
857 2443 995 2524 Tarcogr.
1014 2465 1043 2524 p.
1068 2447 1129 2509 189
1143 2463 1259 2503 numero

152 2529 344 2589 multitudinis
360 2525 398 2591 rai
420 2529 539 2610 μοντίοι.
564 2529 597 2593 oi
618 2523 763 2612 ἀρχιερεῖς
779 2529 918 2610 dedendo.
935 2531 978 2604 εἰς
1000 2526 1036 2592 rui
1063 2524 1260 2609 prestmeade

152 2609 312 2692 ποτνμοιῗς
326 2614 486 2690 monebam
499 2611 551 2677 noll
565 2611 711 2696 ἅσπρονς.
728 2616 866 2692 pontifices
878 2621 985 2691 gestant
998 2617 1027 2672 ι’νι
1045 2613 1141 2692 palliis
1156 2615 1260 2692 fluuios

153 2695 288 2780 (limbos)
309 2703 438 2759 cocunea
460 2707 485 2760 ot
504 2700 584 2759 albos.
606 2699 770 2760 Germanice
787 2699 899 2773 mantel,
916 2719 934 2758 a
951 2697 1055 2760 Latino
1074 2698 1193 2758 mantela.
1215 2702 1261 2756 est

153 2788 255 2844 autem
268 2777 404 2863 μονδύας
419 2785 510 2844 formo
527 2784 623 2856 similis
637 2785 662 2843 ei
674 2785 747 2844 vesti
760 2802 857 2844 sacrae
871 2803 957 2861 quam
970 2783 1054 2860 vulgo
1067 2801 1198 2842 vocamus
1217 2787 1261 2842 ein

153 2867 354 2940 rouebmantel3
377 2875 406 2928 et
420 2888 477 2945 qna
489 2870 551 2948 ipse
566 2871 720 2952 imperator
735 2867 880 2929 Romanus
900 2870 992 2929 adhuc
1003 2870 1033 2926 in
1046 2868 1260 2946 inauguratione

152 2953 286 3030 insigniri
309 2960 338 3012 et
357 2955 437 3033 pingi
463 2956 537 3014 solet
562 2973 674 3040 quoqne
696 2975 759 3015 cum
775 2953 959 3024 electoribus.
995 2954 1109 3012 Simeon
1125 2953 1259 3031 magister

46 3055 55 3078 ⁸
155 3039 356 3099 officiorumin
371 3040 514 3100 Pandente
532 3041 641 3100 Histoe.
683 3039 819 3100 Turcicae
839 3059 862 3099 c.
889 3041 949 3102 199
973 3033 1148 3118 impuriorem
1161 3043 1259 3110 vocat3

156 3125 240 3203 quod
254 3123 354 3184 Graeci
367 3127 461 3203 rogati
482 3126 517 3186 ab
541 3131 656 3186 auctore
671 3124 835 3186 ¹Pondectue
858 3124 1115 3203 interpretabuntur
1128 3117 1259 3200 ἔνιιμοῖν-

157 3209 253 3285 δνον,
274 3209 355 3282 quasi
368 3203 444 3270 dicas
457 3211 696 3294 mpromontelbam.
720 3212 794 3269 forte
808 3204 984 3290 δινητήσιον
1004 3204 1085 3285 νιοιροὶ
1098 3203 1155 3284 τήν
1168 3207 1258 3283 δίκην

158 3291 319 3370 derivatur,
340 3298 373 3351 ut
392 3301 421 3356 et
436 3296 617 3372 damnaturum,
642 3296 719 3371 qaod
735 3295 843 3374 imperii
864 3299 893 3351 et
913 3293 1064 3371 potestatis
1082 3293 1193 3370 insigne
1212 3293 1259 3351 sit.

157 3383 277 3452 eratque
290 3378 376 3434 vestis
396 3376 465 3439 haec
479 3386 539 3440 tom
551 3380 764 3458 imperatoribus
782 3396 866 3454 quam
878 3377 1042 3456 pamiarchis
1058 3377 1174 3452 aliisque
1187 3395 1260 3458 pon·
1303 3411 1308 3420 ·

158 3463 280 3522 filicibus
293 3463 462 3541 communis,
483 3469 515 3523 ut
536 3481 571 3524 ex
590 3464 764 3546 Curopalata
778 3470 807 3521 et
828 3461 1033 3540 Turcograecia
1058 3467 1184 3533 constat3
1208 3480 1260 3522 nec

159 3549 231 3607 satis
252 3552 319 3625 apte
338 3548 456 3608 vertitur
479 3549 714 3626 paludamentum,
740 3553 775 3606 at
803 3547 931 3624 agnoscit
957 3549 1042 3608 etiam
1065 3546 1261 3622 Leunclavius,

159 3651 225 3692 cum
244 3631 299 3690 vox
316 3631 385 3692 haec
408 3632 554 3692 militarem
581 3639 689 3694 vestem
719 3631 872 3709 significet,
901 3627 1038 3714 μανδύος
1058 3637 1152 3690 nutem
1176 3631 1261 3689 etiam

160 3723 243 3778 extra
264 3723 357 3776 castra
376 3719 480 3796 gestari
501 3717 691 3791 consueverim
712 3735 764 3776 nec
785 3717 821 3776 ab
842 3717 1009 3796 imperatore
1028 3721 1140 3775 tuntum
1161 3716 1261 3774 sedet

160 3803 199 3864 ab
217 3799 346 3861 ecclesiae
366 3802 556 3882 praesulibus,
577 3802 678 3879 quibus
698 3801 915 3880 paludamentum
936 3808 1003 3881 apte
1025 3820 1107 3860 nemo
1123 3799 1259 3860 tribuerit.

160 3895 192 3947 et
205 3887 275 3946 haec
288 3889 490 3949 accommodari
506 3893 627 3968 possunt
640 3887 677 3946 ad
691 3886 768 3946 varia
780 3886 842 3946 loco
859 3887 962 3946 Cadini
976 3887 1005 3946 in
1020 3885 1121 3962 quibus
1131 3885 1262 3964 masidpae

161 3972 332 4032 mentionem
346 3974 422 4032 facit
451 3975 528 4050 quad
546 3969 641 4032 Iunius
663 3974 802 4050 mandyae
821 3973 956 4051 originem
979 3987 1013 4029 ex
1033 3969 1146 4029 Persica
1164 3971 1266 4048 lingua

162 4058 278 4117 deducit
290 4079 320 4137 p.
339 4059 417 4136 836,
438 4059 467 4116 id
485 4060 568 4138 fecit,
590 4059 705 4137 opinor,
722 4063 755 4116 nt
775 4056 902 4116 Persicae
921 4055 1033 4132 linguae
1050 4074 1109 4114 non
1132 4033 1262 4132 ignardm

160 4144 289 4202 sciamus.
310 4143 395 4220 longe
408 4144 514 4203 facibus
533 4164 551 4203 a
573 4141 677 4203 Latino
695 4143 819 4202 mantello
832 4147 882 4199 aut
903 4140 1069 4200 Germanico
1092 4143 1190 4202 montel
1211 4143 1261 4199 de-.

163 4227 298 4288 duxisset.
317 4246 369 4288 nec
389 4231 528 4289 assentior
540 4229 677 4306 Memno,
698 4228 747 4305 qui
767 4228 808 4285 ita
827 4225 912 4304 legit,
933 4223 1090 4306 ἐρχόμενοι
1107 4222 1178 4306 μετὰ
1197 4229 1260 4288 τοῖν

163 4304 293 4392 himma
306 4309 445 4396 poudu'ov
458 4311 496 4398 pi
515 4307 766 4401 metumientem
786 4329 885 4378 sennua
905 4317 994 4374 osset:
1015 4315 1129 4396 episcopi
1151 4313 1260 4374 omium
