3034 4916
330 1357 600 1466 LIBER
650 1355 1072 1471 TERTIUS.

518 1600 883 1680 canusa

223 1853 253 1912 p.
261 1826 302 1896 48
309 1849 335 1892 v.
343 1831 390 1898 15.
401 1831 439 1891 ad
453 1835 513 1890 not
527 1783 717 1896 Επεῦθιν
734 1829 770 1896 αἱ
784 1829 886 1915 ἑορταί
898 1836 951 1892 etc
967 1833 997 1892 in
1010 1833 1072 1893 cod,
1086 1831 1173 1893 Boico
1185 1834 1255 1896 titu-
1271 1833 1294 1890 Ρ
1310 1837 1362 1938 {13

139 1917 194 1991 'lus
208 1921 290 1980 huius
303 1923 402 2002 capitis
418 1924 575 1986 itahabet:
596 1919 680 2001 τάξις
695 1921 838 2005 γινομένη
854 1922 888 1986 ἐν
903 1929 969 1998 ταῖς
983 1925 1171 1998 δεσποτικαῖς
1187 1923 1256 2009 ἑορ-

148 2011 235 2081 ταῖς,
250 2008 343 2087 sormo
359 2009 492 2070 obseruari
503 2011 584 2072 colito
599 2015 629 2072 ia
644 2010 727 2090 sertis
742 2009 845 2070 Clrr'rtr‘
856 2009 962 2070 domiai.
983 2025 1049 2068 nam
1073 2029 1125 2089 per
1145 2011 1256 2074 δισκο-

148 2089 235 2165 κικαῖς
249 2089 352 2174 ἑορτάς
361 2094 522 2173 intelligunt
536 2097 637 2156 Graeci
649 2115 708 2155 non
723 2095 782 2154 dies
793 2096 962 2172 dominam,
982 2094 1034 2156 sed
1048 2096 1122 2156 festa
1139 2097 1255 2159 Christo

149 2178 265 2238 domino
280 2181 395 2260 proprie
410 2182 521 2262 dicata,
543 2201 615 2262 quae
635 2179 784 2240 s'untista:
809 2181 1006 2240 chaeretismus
1026 2181 1086 2241 sive
1104 2184 1256 2244 annuntia-
1311 2247 1312 2250 Ἴ
1377 2217 1382 2238 ι

74 2299 94 2328 ·‚
149 2263 191 2322 tio
212 2263 240 2324 b.
258 2263 390 2344 virginiS,
410 2268 542 2328 nativitas
569 2269 692 2344 Christi,
712 2265 876 2346 hypapante
895 2268 954 2326 sive
972 2267 1128 2344 purificatio
1151 2269 1178 2328 b.
1199 2270 1256 2330 vir-

146 2349 238 2427 ginis,
259 2351 408 2430 epiphauia
420 2372 471 2412 seu
486 2353 630 2434 baptisma
652 2352 773 2427 Christi,
795 2352 909 2427 quando
924 2371 941 2411 a
957 2351 1064 2410 Ioanne
1083 2355 1113 2412 in
1135 2353 1257 2413 Iordane

149 2435 313 2514 baptiratus
338 2443 397 2514 est,
426 2439 635 2515 transfiguratio
664 2436 790 2513 domini,
823 2437 999 2496 resuscitatio
1033 2435 1152 2515 Lazari,
1181 2440 1257 2500 festa

149 2519 324 2599 palmarum,
344 2522 414 2600 ligni
435 2541 487 2582 seu
507 2543 530 2582 s.
559 2524 664 2600 crucis,
687 2523 916 2599 resurrectionis,
938 2523 1128 2601 ascensionis,
1146 2524 1256 2584 missio-

149 2607 194 2664 nis
218 2627 242 2666 s.
263 2608 396 2688 spiritus,
418 2609 617 2690 assumptionis
641 2609 669 2667 d.
700 2607 824 2684 virginis.
853 2606 903 2666 ubi
923 2626 975 2686 per
996 2608 1101 2667 festum
1116 2608 1187 2686 ligni
1204 2629 1256 2670 seu

148 2697 271 2752 neruda
285 2708 344 2752 non
362 2699 472 2755 tantum
490 2695 655 2774 intelligitur
669 2711 821 2772 parasceue
840 2691 887 2751 illa
903 2710 960 2768 qua
975 2691 1106 2752 Christus
1128 2695 1158 2752 in
1175 2715 1257 2754 cmce

148 2778 304 2838 exstinctus
318 2785 382 2859 est,
397 2782 449 2839 sed
466 2787 495 2840 et
510 2781 614 2839 festum
635 2777 812 2839 exaltationis
834 2798 856 2836 s.
871 2779 974 2838 crucis:
995 2797 1061 2838 nam
1085 2785 1115 2839 et
1129 2779 1185 2846 lroc
1202 2781 1257 2842 nu-

148 2869 260 2926 merant
273 2864 374 2924 Graeci
387 2872 417 2925 et
430 2867 493 2948 ipse
506 2867 634 2926 Codinus
647 2871 745 2925 noster
754 2863 784 2922 in
799 2864 950 2946 despoticis
964 2865 1048 2924 feriis.

232 2968 298 3027 ibid.
331 2966 436 3028 ibidem
459 2969 611 3048 legendum
632 2969 745 3029 videtur
769 2970 1028 3052 Χρισιοαγενναῖν.
1054 2963 1158 3046 legitur
1170 2968 1260 3068 efiaup

147 3051 309 3113 disiunctirn
330 3055 463 3134 Χριστοῦ
475 3054 574 3138 γέννα.
769 3093 775 3105 x
1261 3065 1270 3078 ⁸

232 3157 270 3216 ib.
291 3175 318 3217 v.
340 3158 391 3220 20.
422 3150 586 3238 καραμονή
608 3157 654 3218 hie
674 3163 720 3217 est
742 3156 857 3233 vigilio,
884 3153 923 3213 ad
952 3151 1068 3213 verbum
1095 3153 1176 3228 quasi
1204 3151 1272 3212 ar-‘

149 3244 280 3319 spectatio
293 3241 371 3321 ferti.
391 3243 489 3323 inepte
501 3243 598 3302 lunius
612 3248 738 3304 stativom
749 3241 848 3320 sedum
862 3238 956 3317 vertit,
973 3239 1061 3313 idque
1073 3256 1131 3296 non
1145 3243 1257 3298 tantum

149 3343 215 3385 meo
230 3327 282 3385 sed
296 3333 325 3386 et
336 3327 453 3386 Meursii
475 3331 585 3389 iudicio.
604 3332 702 3412 inepte
714 3327 819 3386 ibidem
838 3325 881 3397 εἰς
897 3319 951 3388 cdv
974 3319 1091 3404 ὄρθρον
1106 3325 1191 3384 vertit
1205 3326 1257 3383 ad-

149 3411 309 3471 verbialiter
321 3417 468 3476 motutino:
491 3407 547 3475 imo
561 3414 598 3476 od
611 3418 790 3488 nautaticum,
810 3409 847 3470 od
862 3407 954 3469 londes
971 3411 1130 3470 matutinos.

220 3509 285 3572 ibid,
310 3509 402 3564 Basilii
426 3509 518 3565 masaa
542 3511 632 3568 titulus
653 3513 681 3566 in
707 3506 883 3576 Enohologior
907 3498 940 3560 lv
963 3505 999 3578 τῇ
1025 3506 1179 3578 καραμονῇ
1206 3505 1258 3574 τῆς

150 3577 204 3634 τοῦ
225 3579 348 3642 Χριστοῦ
370 3575 450 3650 ἡμῶν
474 3578 633 3650 γεννήσεως.
677 3581 829 3634 Menaeum:
859 3573 887 3630 ei
901 3571 969 3650 τύγγ
991 3569 1011 3646 ἡ
1035 3571 1188 3648 καραμανή
1206 3577 1258 3645 τῆς

150 3647 273 3718 Χριστοῦ
289 3641 534 3719 induperatricem
550 3645 581 3707 ἐν
598 3647 748 3722 σαββάτῳ,
764 3639 785 3717 ἢ
801 3645 930 3716 κυριακῇ.

219 3735 285 3789 ibid.
324 3730 365 3796 εἰς
400 3730 451 3789 τὸν
481 3730 595 3806 ὄρθρον
630 3730 670 3804 μὴ
708 3726 885 3799 ἐξελθόντος]
942 3729 1052 3800 ervigilii
1082 3728 1258 3784 nataliciorum

150 3802 250 3857 Christi
266 3803 379 3856 cilinium
395 3805 546 3858 matutinum
563 3803 697 3859 laudandis
716 3801 856 3872 Engeaiaa
867 3805 895 3853 et
918 3748 1034 3865 lunae,
1056 3799 1176 3868 Philippo
1190 3797 1260 3880 ‘Eu-

149 3872 244 3941 geniae
261 3873 344 3942 patri,
368 3890 417 3926 nec
433 3891 485 3928 noa
505 3875 613 3929 Nicolso
631 3873 801 3996 mansibus,
825 3887 858 3924 ox
879 3869 971 3923 maiori
995 3875 1070 3938 parte
1085 3866 1256 3950 impenditurr

149 3940 327 3996 nataliciorum
345 3939 497 4010 κροεόρκια
513 3950 611 4000 tanturn
627 3961 694 4014 quae
712 3959 753 3996 aar
768 3935 881 4014 ᾅσματα
897 3938 1029 3992 admiscet.
1064 3937 1098 3990 ad
1124 3936 1187 3988 allud
1206 3943 1259 3989 rta-

150 4027 203 4080 que
222 4028 274 4064 uon
290 4012 410 4065 convenit
425 4012 576 4083 imperator,
600 4012 670 4084 quod
686 4013 742 4065 eius
756 4009 903 4065 solemnitas
920 4007 1003 4060 minor
1019 4006 1051 4059 sit
1068 4022 1116 4059 nec
1132 4005 1198 4057 adeo
1214 4005 1256 4058 fe-

150 4080 234 4134 stiva:
259 4081 322 4136 alias
344 4082 420 4134 horas
443 4081 574 4136 Christum
591 4083 641 4136 iarn
661 4088 747 4150 uatum
763 4083 932 4151 personantes
948 4092 980 4129 ac
999 4075 1159 4129 celebrantes
1175 4074 1257 4128 audit.

148 4150 233 4219 ipsum
249 4150 385 4204 Menaeum
402 4150 541 4205 minoribus
558 4151 627 4205 horis
644 4149 766 4224 praefigit
781 4148 896 4203 titulant
920 4139 993 4216 ἀργὴ
1017 4143 1068 4214 τῆς
1083 4137 1259 4206 doctoratus

149 4219 207 4273 caia
226 4215 307 4287 ὡρῶν
325 4215 377 4289 τῆς
391 4216 465 4274 κατὰ
483 4217 574 4288 σάρκα
589 4217 741 4290 γεννήσεως
757 4218 809 4272 rori
825 4211 934 4282 κυρίαν.

210 4321 246 4426 p.
260 4306 295 4358 44
308 4323 333 4358 v.
346 4307 372 4359 2.
391 4299 461 4373 perol
478 4299 696 4376 cinoloitarum]
720 4303 828 4373 supplex
846 4299 1013 4384 ecclesiastici
1024 4296 1112 4383 ‘officii
1128 4294 1257 4380 conclusio

150 4377 192 4427 cst
231 4369 353 4436 κόλασις.
386 4379 489 4428 accunt
504 4375 673 4445 undequaque
689 4372 812 4444 exemplis
829 4370 997 4427 ecclesiastica
1014 4366 1083 4426 lrbrl.
1117 4365 1258 4420 inscienter

193 4452 285 4518 Codin.
307 4453 456 4524 Coropolot.
479 4454 513 4510 da
535 4455 611 4524 Osfie.
765 4523 767 4526 Ι
1009 4443 1049 4506 18
