3034 4916
273 268 348 346 ³44
387 331 393 347 ,
431 267 643 340 Gnnrsnnl
655 267 710 334 ET
723 209 857 342 coeni
871 265 1207 350 COMMENTARIUS

274 435 350 496 hunc
370 433 537 494 tricesimum
542 473 553 510 ,
573 437 607 492 ut
625 435 706 514 patet
727 449 761 490 ex
782 429 892 510 Typico
910 431 941 490 S.
960 430 1063 507 Sabae,
1080 448 1121 502 ex
1134 429 1256 494 Menaeo
1269 432 1300 490 in
1314 428 1374 490 Au-

163 541 191 598 :P
207 539 260 598 250
274 525 360 602 gusto
380 525 411 580 et
429 517 596 596 Septembri.
638 523 683 576 est
703 517 816 576 devotio
838 516 1019 596 Germanica,
1044 520 1075 575 et
1102 521 1201 576 exstat.
1221 516 1252 576 iu
1274 516 1374 598 pleris-

141 599 143 606 ⁴
276 625 332 684 qne
352 604 509 664 missalibus
530 608 560 661 et
581 601 740 680 breviariis,
772 603 801 662 in
820 602 1013 680 Eystettensi,
1039 599 1259 680 Ratisponensi,
1287 601 1375 661 Salis-

272 691 421 768 burgensi‚
441 688 628 768 Frisingensi,
648 687 792 760 Curiensi3
812 688 963 764 multisque
983 686 1068 766 locis,
1088 706 1197 750 summo
1219 704 1304 750 mane
1324 705 1376 768 per

273 776 391 854 triginta
410 773 472 832 illos
494 774 553 833 dies
574 774 684 833 canitur
702 773 824 836 officium
843 775 880 834 de
899 773 927 836 b.
948 772 1074 850 virgine,
1103 773 1274 848 gaudeamus
1291 792 1375 832 onnes

274 868 331 939 ete,
357 859 498 936 frequenti
521 858 627 939 populo
654 864 826 920 accurrente.
866 864 897 918 et
916 857 962 930 hic
984 857 1151 934 lngolstadii
1172 857 1299 934 quotidie
1325 875 1376 936 per

274 946 391 1022 triginta
419 944 480 1003 dies
506 962 542 1004 ex
567 945 792 1022 congregationis
820 941 1003 1007 Academicae
1024 943 1190 1008 fundatione
1211 942 1324 1005 litaniae
1347 947 1377 1000 et

275 1031 346 1090 aliae
366 1030 509 1090 cautiones
532 1035 670 1090 canuntur
689 1029 847 1110 intemplo
867 1031 895 1090 d.
912 1028 1035 1108 virginis,
1055 1028 1187 1105 idemque
1204 1027 1237 1086 fit
1250 1029 1279 1085 in
1295 1027 1377 1086 Mau-

273 1117 380 1184 riciana
400 1115 539 1194 parochia
582 1121 612 1174 et
633 1116 779 1195 quamvis,
800 1123 833 1175 ut
853 1115 938 1192 aliqui
957 1113 1101 1190 obiiciunt,
1124 1133 1142 1174 a
1164 1112 1279 1172 Graecis
1292 1114 1377 1172 etiam

274 1201 456 1265 schismaticis
478 1206 571 1260 ortum
597 1200 731 1278 haberet,
746 1227 748 1238 ·
761 1200 838 1277 quod
859 1206 954 1264 tamen
974 1218 1055 1262 secus
1076 1203 1138 1276 eet,
1162 1217 1221 1262 non
1240 1199 1307 1258 ideo
1327 1199 1377 1260 im-

276 1287 425 1368 probauda
442 1291 517 1346 esset
536 1286 606 1349 haec
629 1287 815 1344 consuetudo:
835 1291 945 1346 namet
965 1305 984 1346 a
1004 1283 1186 1345 schismaticis
1207 1284 1313 1342 bonum
1328 1283 1376 1346 ali-

276 1372 355 1448 quod
382 1371 542 1434 institutum
566 1371 702 1449 proticisci
715 1361 717 1370 ’
730 1375 833 1449 potest
876 1376 921 1430 est
942 1389 1011 1449 ergo
1036 1389 1054 1428 a
1075 1370 1223 1428 Germanis
1241 1369 1288 1427 hic
1308 1388 1377 1445 mos,

277 1457 326 1534 qui
346 1457 484 1518 defunctis
505 1456 673 1516 tricesimum
693 1475 778 1533 agere
799 1454 909 1528 soleut3
938 1461 968 1519 et
991 1455 1092 1518 alicubi
1110 1455 1135 1514 si
1155 1454 1219 1532 quis
1236 1454 1378 1516 honestior

276 1545 404 1601 mortuus
426 1546 486 1617 est,
508 1559 566 1600 non
588 1546 699 1602 tantum
716 1546 868 1618 parentant
886 1540 928 1598 illi
944 1541 1028 1600 tertio
1047 1541 1168 1619 septimo
1189 1546 1220 1598 et
1239 1539 1376 1600 tricesimo

278 1627 341 1700 die,
365 1625 417 1683 sed
444 1625 569 1703 quotidie
597 1625 695 1692 habitu
716 1625 829 1704 lugubri
850 1626 1021 1686 admissam
1040 1631 1070 1687 et
1091 1626 1128 1684 ad
1148 1643 1281 1704 vesperas
1303 1630 1378 1700 eunt

278 1717 309 1770 et
330 1710 453 1772 offerunt
472 1711 510 1768 ad
530 1709 618 1778 altare
635 1712 747 1788 quidem
768 1711 931 1792 pecuniam,
951 1711 988 1770 ad
1009 1711 1206 1788 cenotaphium
1225 1730 1293 1770 sero
1318 1708 1383 1791 (aus

278 1796 328 1856 der
348 1793 429 1873 baar)
450 1796 560 1873 vinum,
588 1815 677 1876 panes
706 1801 759 1856 etc.
802 1797 934 1856 Germani
954 1816 1023 1874 ergo
1044 1796 1216 1856 venerationi
1233 1795 1315 1856 divae
1327 1796 1380 1855 vir-

276 1880 351 1960 ginis
374 1881 555 1940 addictissimi
575 1882 660 1941 etiam
678 1901 729 1960 per
747 1887 793 1940 tot
813 1882 872 1942 dies
893 1888 1042 1960 parentare
1062 1882 1212 1944 voluerunt
1232 1882 1315 1940 divae
1327 1881 1380 1939 vir·

277 1967 353 2044 gisi,
374 1985 433 2025 non
452 1966 608 2044 lugubriter
624 1971 658 2024 ut
677 1973 821 2044 mortuae,
839 1967 891 2026 sed
910 1966 1041 2036 hilariter,
1054 1971 1088 2025 ut
1110 1967 1140 2024 in
1160 1965 1253 2028 caeles
1275 1985 1379 2028 aesmu-

277 2057 360 2130 ptae:
381 2049 446 2109 hinc
464 2069 523 2112 non
540 2051 692 2113 audiuntur
711 2049 839 2114 funebria
858 2052 981 2130 cantica,
1001 2051 1053 2112 sed
1075 2052 1169 2112 omnia
1188 2053 1228 2112 ad
1247 2051 1378 2112 laetitiam

279 2154 342 2198 com
363 2139 449 2194 asta

342 2155 441 2298 pp.t31
457 2237 483 2278 v.
498 2221 547 2284 21.
570 2217 747 2278 decollationi
768 2221 798 2278 S.
818 2219 931 2280 Ioannis
947 2221 1089 2298 baptistae
1108 2239 1187 2280 sacer
1208 2225 1253 2280 est
1268 2220 1328 2278 dies
1342 2221 1375 2280 29

278 2302 402 2381 Augusti
426 2309 487 2362 tam
510 2304 588 2384 apud
615 2303 739 2364 Graecos
767 2325 852 2383 quam
878 2307 956 2384 apud
985 2305 1113 2369 Latinos.
1154 2306 1184 2364 in
1205 2303 1260 2364 hoc
1281 2306 1378 2366 sesnin

278 2391 371 2448 variae
399 2394 512 2452 exstant
544 2388 715 2448 Graecorum
740 2397 853 2470 patrum
879 2391 1017 2450 homiliae.
1060 2410 1118 2450 non
1143 2392 1289 2470 pauciores
1307 2391 1378 2450 forte

278 2476 372 2536 adhuc
391 2475 421 2534 iu
440 2473 614 2533 bibliothecis
635 2495 699 2534 cum
718 2476 802 2535 tineis
817 2476 971 2552 blattisque
986 2475 1089 2540 bellurn
1106 2481 1220 2554 gerunt.

365 2597 394 2654 p.
406 2579 448 2640 82
464 2595 491 2635 v.
512 2577 536 2637 l.
565 2578 689 2636 secundo
710 2578 756 2635 die
773 2575 836 2638 Iulii
858 2583 948 2653 agunt
969 2577 1070 2639 Graeci
1091 2577 1306 2641 anniversariam
1325 2582 1378 2631 nte-

278 2662 395 2719 moriam
426 2661 572 2739 depositae
599 2662 629 2720 in
656 2662 762 2740 templo
787 2661 985 2720 Blachernensi
1008 2667 1087 2722 certis
1107 2663 1239 2741 deiparae
1269 2658 1380 2736 virginis

279 2746 333 2806 sub
360 2744 458 2805 Leone
484 2751 514 2804 et
541 2746 644 2806 Verina
670 2748 757 2825 impp.
799 2747 864 2806 vide
891 2747 1041 2810 Menaemn
1068 2747 1144 2806 dicto
1177 2747 1223 2805 die
1248 2745 1318 2804 Iulii.
1352 2748 1380 2804 at

279 2830 321 2892 81
354 2830 401 2888 die
426 2827 549 2908 Augusti
576 2837 667 2908 agunt
691 2833 776 2890 iidem
801 2831 903 2894 Graeci
923 2833 1139 2892 anniversariam
1159 2831 1320 2904 memoriam
1338 2829 1379 2886 de-

275 2916 381 2992 positae
406 2935 486 2974 zonne
513 2916 643 2992 deiparae
670 2918 786 2993 virginis
812 2917 843 2974 in
870 2918 977 2996 templo
1008 2917 1279 2998 Chalcopratiorum.
1320 2914 1379 2971 vide

279 2996 429 3058 Menaeum
454 3000 529 3060 dicto
551 3002 599 3058 die
616 3000 740 3077 Augusti
761 3007 791 3062 et
810 3001 960 3080 Nicephon
984 3003 1024 3068 14
1042 3002 1091 3067 49.
1133 3003 1185 3060 sed
1208 3003 1244 3060 de
1265 3019 1322 3076 quo
1340 2999 1384 3056 fe

279 3089 326 3146 sto
348 3084 538 3164 accipiendum
560 3086 646 3160 quod'
658 3088 784 3145 Codinus
805 3087 924 3148 scribit?
948 3088 1060 3148 videtur
1076 3089 1112 3146 de
1130 3089 1234 3166 priore,
1255 3085 1379 3162 quando

280 3169 395 3242 quidem
420 3170 602 3248 depositionem
629 3172 793 3230 censendae
819 3176 901 3232 sestis
931 3175 1071 3246 nominat3
1100 3179 1130 3232 et
1158 3173 1312 3250 imperator
1343 3168 1379 3230 ad

278 3252 450 3316 Blachernas
470 3255 525 3316 hoc
543 3255 618 3315 festo
638 3256 715 3334 ibat,
736 3257 784 3318 ubi
804 3263 884 3317 emtis
900 3257 947 3316 illa
967 3260 1100 3338 reposita
1143 3277 1193 3315 cur
1214 3275 1282 3333 ergo
1298 3254 1380 3312 codi-

214 3407 216 3411 .
279 3357 333 3401 nus
354 3339 384 3396 id
404 3359 462 3398 nou
481 3343 620 3400 recensuit
638 3361 690 3401 suc
710 3341 782 3420 loco,
801 3342 855 3406 boc
868 3349 913 3402 est
926 3343 1059 3408 iululio‘i
1101 3361 1214 3402 causam
1240 3343 1315 3400 dicat
1335 3335 1381 3414 qui

280 3428 380 3485 notam
405 3422 506 3488 habet:
535 3446 589 3504 ego
614 3429 682 3492 mihi
708 3428 835 3504 ignotam
863 3430 962 3498 fateor.
1006 3430 1058 3493 nisi
1080 3430 1153 3487 forte
1172 3427 1323 3504 legendum
1339 3423 1381 3482 hic

280 3512 335 3586 τῆς
355 3512 455 3586 τιμίας
472 3506 578 3588 ζώνης.
621 3515 672 3576 sed
686 3519 754 3571 tunc
767 3513 864 3592 obstat
877 3512 1014 3593 templum
1029 3513 1236 3589 Blachernium
1257 3513 1295 3569 ad
1309 3509 1382 3586 quod

280 3594 335 3654 hoc
356 3595 402 3653 die
422 3596 574 3674 imperator
593 3618 655 3658 cum
676 3600 734 3656 suis
755 3599 887 3676 palatinis
903 3600 1008 3658 itehats
1041 3605 1072 3660 at
1092 3619 1161 3658 sono
1183 3598 1315 3674 deiparae
1338 3613 1381 3653 as-

184 3746 187 3752 ·
280 3681 445 3744 servabatur
465 3681 610 3762 intemplo
624 3685 653 3744 in
667 3685 877 3764 chalcopreteis
893 3685 1024 3763 condito,
1047 3691 1080 3749 ut
1094 3689 1216 3747 testatur
1229 3681 1381 3741 Menaeum.

348 3795 412 3850 ibid.
450 3795 557 3852 miratur
585 3815 634 3850 uec
658 3797 782 3852 immerito
813 3799 967 3867 Greteerns,
995 3815 1055 3865 cnr,
1092 3815 1148 3852 cnm
1186 3794 1308 3850 memoria
1339 3793 1382 3846 de-

280 3863 381 3946 positae
395 3865 421 3918 iu
440 3867 534 3937 templo
547 3868 730 3921 Blachernensi
741 3874 822 3923 vestis
833 3869 954 3938 deiparae
970 3869 1075 3936 virginis
1087 3869 1134 3921 nub
1146 3867 1236 3919 Leone
1252 3873 1279 3919 et
1291 3863 1384 3916 Verius

281 3949 358 4002 rnrpp.
376 3937 394 3989 2
410 3935 470 3988 Iulii
486 3936 643 3997 celebretur,
661 3937 770 4004 Augusti
787 3955 849 3993 vero
873 3939 915 3992 die
938 3939 972 3994 31
996 3937 1092 3992 Graeci
1116 3935 1316 3991 anniversariam
1338 3931 1384 3984 de-

282 4003 383 4069 positae
400 4021 482 4057 zonae
499 4005 611 4058 eiusdem
628 4005 749 4074 deiparae
765 4006 792 4059 iu
814 4007 907 4080 templo
920 4007 1162 4078 ‚chalcopratiorum
1180 4009 1321 4074 peragent,
1339 4002 1383 4053 im-

284 4077 390 4136 perator
408 4074 539 4126 celebrata
555 4075 656 4143 Ioannis
675 4075 803 4144 prodromi
828 4075 995 4130 decollatione
1019 4077 1050 4131 ad
1077 4075 1232 4133 blachernas
1257 4073 1385 4125 adoratum

282 4137 321 4188 ire
344 4139 488 4206 scribatur,
514 4143 581 4194 desto
602 4145 737 4214 'depositae
762 4145 844 4198 restis
868 4145 937 4214 quod
963 4146 1021 4198 Iulii
1043 4149 1061 4200 2
1101 4142 1220 4197 raeteriit
1237 4137 1387 4211 peragendo.

284 4205 328 4258 vel
343 4206 366 4259 si
382 4207 451 4260 eliud
469 4215 538 4263 retro
555 4212 648 4264 dictem
665 4213 857 4266 decollationem
874 4222 1037 4281 occurreret,
1059 4213 1128 4266 ahud
1152 4231 1169 4266 a
1192 4209 1310 4278 deposita
1328 4221 1388 4259 nous

283 4273 310 4327 in
328 4275 517 4346 chalcopratiis
535 4281 643 4336 colenda
660 4297 784 4354 numnam
798 4283 880 4338 animo
898 4283 1006 4340 deberet
1022 4281 1163 4364 obversari.
1182 4297 1290 4335 caueam
1312 4279 1388 4338 diod,
