3034 4916
469 315 516 384 IN
541 316 794 397 coturnicis.
816 315 895 386 XV.
1163 317 1237 390 343

132 475 207 560 sceni
226 478 255 534 et
277 471 408 543 Andreae
427 475 580 538 Cretensis.
621 484 759 540 mortuam
778 477 964 557 ergo-volunt
982 477 1233 562 tautologiam

132 562 297 636 adduntque
314 563 413 622 eodem
433 564 479 622 die
498 565 680 623 resurrexisse
701 571 731 624 et
745 566 838 624 auimo
858 566 940 640 simul
961 572 991 625 et
1001 588 1116 647 corpore
1126 569 1155 627 in
1168 589 1233 628 cae-

131 645 189 702 lum
206 653 380 727 assumptam
400 667 470 708 esse.
512 667 600 728 quare
619 656 686 728 post
704 651 894 729 supradictum
906 653 942 710 de
953 652 1104 713 dormitione
1117 648 1230 714 titulum

132 731 307 808 subiungant
333 731 468 794 Menaeao
499 739 544 818 spi
571 729 653 818 αὐτῷ
678 737 752 815 μηνὶ
781 729 1028 821 πεντεκαιδεκάτῃ
1045 735 1068 816 ἡ
1083 741 1231 818 σεβασμὶα

132 812 308 894 μετάστασις
323 820 378 896 τῆς
407 811 610 899 ὖπερενδόξον
631 820 790 900 δεσποίνης
810 819 897 899 ἡμῶν
924 815 1066 884 θεοτὸκον
1088 822 1139 884 καὶ
1167 819 1231 886 αἐι·

131 900 289 982 παρθένου
308 903 442 984 Μαρίας.
484 906 583 964 eodem
605 924 673 982 ergo
695 907 740 965 die
761 911 791 964 et
808 906 878 965 obiit
898 913 929 966 et
945 907 1093 984 adcaelos,
1113 909 1230 970 reducta

131 986 160 1043 ia
188 1005 291 1066 corpus
314 988 424 1065 anima,
457 989 526 1048 abiit
553 991 728 1050 sanctissima
752 992 875 1070 deipara
918 992 996 1070 quod
1021 993 1105 1051 etiam
1125 991 1230 1055 Latina

130 1071 248 1129 ecclesia
266 1073 369 1130 sentire
389 1074 516 1153 videtur,
537 1095 609 1152 quae
624 1077 669 1135 die
691 1077 730 1142 15
747 1074 868 1154 Augusti
891 1082 1089 1155 assumptionem
1102 1076 1129 1136 b.
1143 1078 1229 1154 virgi-

130 1157 174 1213 nis
190 1156 306 1214 solemni
329 1159 500 1218 caeremonia
520 1161 657 1240 celebrat,
683 1163 796 1220 tametsi
816 1163 853 1220 de
872 1161 1037 1238 dormitione,
1065 1167 1160 1220 ornum
1180 1181 1230 1221 eo-

130 1242 196 1298 dem
217 1242 262 1300 die
282 1261 319 1300 au
339 1242 433 1319 aliquo
453 1247 639 1324 praecedente
658 1247 804 1324 acciderit,
824 1246 892 1304 nihil
909 1247 1005 1306 tradit
1047 1244 1142 1306 Latini
1166 1248 1230 1325 qui-

130 1327 196 1383 dam
216 1327 413 1406 martyrologi,
436 1335 471 1388 ut
499 1329 563 1390 Ado
584 1338 619 1390 et*
631 1330 795 1411 Usuardus,
820 1332 1013 1402 armisonos,
1044 1350 1102 1390 non
1123 1351 1231 1390 ossum-

127 1417 242 1487 ptionem
262 1412 430 1490 indigitaut;
456 1416 535 1474 cuius
561 1436 646 1476 causa
673 1418 774 1480 acriter
797 1417 826 1476 in
851 1417 913 1475 illos
944 1417 1064 1493 insurgit
1089 1416 1229 1474 Batonius

129 1514 204 1554 anno
226 1497 412 1577 redemptoris
438 1497 497 1579 48,
534 1519 639 1579 eosque
668 1508 804 1581 provocat
828 1503 865 1560 ad
887 1502 1081 1579 antiquissima
1107 1500 1229 1560 Romani

129 1582 321 1660 martyrologii
336 1585 472 1663 vestigia,
498 1583 546 1643 ubi
561 1606 620 1645 non
640 1587 763 1646 dormitio
782 1587 833 1645 sed
853 1591 997 1665 assumptio
1017 1586 1137 1664 legatur.
1178 1605 1229 1645 ve-

129 1667 205 1726 niam
225 1669 275 1725 det
294 1687 413 1746 magnus
433 1669 584 1728 Annalium
605 1671 749 1748 conditor,
778 1672 803 1728 si
824 1673 894 1745 quid
913 1673 1008 1730 dixero
1024 1692 1076 1749 pro
1097 1672 1229 1751 supradia

128 1752 182 1810 ctis
199 1752 404 1830 martyrologis.
444 1753 603 1812 Romanum
622 1755 851 1830 martyrologium
871 1756 994 1813 omnimn
1014 1756 1130 1821 aliorum
1146 1762 1229 1815 vetu-

129 1836 300 1913 stissimum,
328 1855 413 1915 saepe
433 1855 451 1895 a
476 1837 597 1897 Barouio
622 1839 810 1898 desideratum
840 1840 892 1897 sed
917 1839 1046 1916 nuspiam
1073 1844 1230 1917 repertum,

133 1939 222 2000 nuper
242 1921 353 1980 demum
372 1923 467 1980 studio
487 1922 629 1982 Heriberti
648 1923 1086 2001 Rosweydiuostri'publicatum
1098 1923 1232 1982 etPaulo
1296 1990 1303 2003 ι

133 2007 156 2064 V
178 2005 303 2086 pontifici
322 2008 443 2066 maximo
461 2009 635 2086 inscriptum,
654 2008 719 2088 hoc,
737 2010 861 2086 inquam,
880 2009 1108 2086 martyrologium
1125 2009 1163 2072 15
1181 2010 1230 2067 die

132 2091 254 2167 Augusti
273 2091 346 2152 hanc
369 2092 577 2171 inscriptionem
592 2097 730 2173 praefert,
762 2096 792 2153 S.
810 2094 916 2152 Mariae
935 2095 1065 2155 dormitio.
1109 2093 1132 2148 si
1157 2111 1229 2170 ergo

133 2175 313 2254 martyrologi
335 2177 374 2235 illi
401 2179 570 2257 primaevum
597 2179 652 2238 hoc
679 2178 824 2239 Romanae
849 2179 979 2238 ecclesiae
998 2178 1229 2254 martyrologium

133 2263 219 2320 secuti
239 2268 323 2338 suut,
345 2263 414 2341 quid
434 2263 606 2341 peccarunt?
647 2283 699 2323 nec
715 2265 828 2340 mimum
848 2265 914 2341 quia
932 2265 1029 2322 forsan
1048 2263 1101 2320 illis
1120 2283 1229 2322 aarum·

130 2349 189 2422 ptio
206 2347 335 2425 deiparae
356 2367 425 2412 cum
437 2367 555 2426 corpore
574 2355 604 2406 et
627 2351 794 2407 animatam
812 2349 918 2425 liquida
938 2348 1063 2406 nonfuit
1077 2365 1161 2422 quam
1175 2366 1228 2405 no-
1325 2403 1327 2408 .

134 2431 177 2488 bis
195 2438 237 2500 est
255 2432 356 2510 hodie,
384 2433 451 2507 quia
469 2434 571 2493 veritas
592 2433 726 2510 pausum
750 2435 839 2511 magis
856 2438 943 2508 atque
960 2433 1049 2508 magis
1071 2433 1175 2490 eruitur
1195 2436 1230 2490 et

132 2516 300 2594 elucidatur,
318 2518 359 2576 ita
379 2523 412 2576 ut
432 2520 509 2593 quod
525 2519 667 2596 prioribus
679 2519 796 2578 saeculis
814 2515 1048 2577 obscuriusculum
1061 2516 1230 2592 habebatur,

132 2601 163 2658 id
184 2604 303 2680 posteris
325 2604 499 2682 temporibus
517 2603 595 2662 clara
611 2605 641 2661 in
661 2604 723 2662 luce
740 2609 900 2681 reponatur.
931 2602 1051 2662 accedit
1070 2602 1147 2676 quod
1168 2599 1231 2658 Ra-

132 2686 223 2744 banus
244 2693 273 2746 et
292 2687 436 2746 Notkerus
456 2690 487 2746 iu
506 2690 563 2746 suis
584 2688 788 2766 martyrologiis
806 2687 993 2766 appellatione
1013 2686 1096 2744 hodie
1116 2684 1228 2744 Latinis

132 2778 269 2831 consueta
288 2779 419 2832 utaritur:
449 2776 526 2852 apud
547 2779 697 2850 utrumque
717 2775 791 2832 enim
811 2773 888 2850 leges
907 2775 1051 2849 oenomptio
1068 2772 1093 2828 b.
1117 2769 1231 2829 Mariae

132 2860 271 2933 genitricis
291 2858 348 2931 dei,
368 2866 402 2917 ut
418 2863 449 2916 et
468 2861 545 2936 apud
564 2859 679 2918 Bedam.
722 2877 825 2935 quare,
854 2863 888 2915 ut
906 2857 938 2914 iu
957 2857 1084 2915 semitam
1104 2861 1230 2913 reverta·

132 2961 212 3018 mur,
234 2942 423 3003 beatissimam
442 2945 577 3020 virginem
596 2946 696 3004 eodem
713 2945 759 3002 die
775 2949 915 3004 mortuam
934 2941 1074 3019 sepultam
1083 2947 1140 3000 eta
1153 2958 1231 2998 mor*

132 3028 190 3084 tuis
206 3031 353 3087 excitatam
369 3048 432 3089 cum
453 3030 623 3089 Graecorum
643 3029 768 3089 Menaeis
786 3027 932 3104 credimus,
952 3026 1017 3086 licet
1036 3025 1229 3085 Damascenus

132 3110 372 3174 resuscitatiiuem
398 3116 483 3174 tertio
511 3117 622 3173 demum
649 3116 686 3174 ab
710 3115 789 3173 obitu
810 3114 855 3172 die
874 3117 982 3170 statuat
998 3112 1028 3169 in
1048 3111 1174 3170 oratione
1192 3111 1230 3167 de

130 3199 323 3275 assumptione
351 3201 379 3258 b
401 3199 515 3259 Mariae.
557 3203 669 3259 tametsi
697 3189 867 3278 pr'obabilius
893 3199 940 3254 isti
967 3215 1051 3272 quam
1080 3195 1126 3252 alii
1151 3195 1230 3272 apud

132 3283 254 3358 bedam,
281 3285 330 3358 qui
350 3287 568 3364 assumptionem
588 3286 719 3365 deiparae
739 3287 777 3344 ad
798 3290 818 3349 9
839 3281 969 3340 calendas
992 3281 1147 3355 Octobres,
1175 3280 1231 3337 hoc

132 3374 178 3426 est
194 3367 232 3424 ad
253 3368 295 3431 24
310 3368 383 3426 diem
403 3369 591 3448 Septembris,
610 3372 752 3447 referunt,
770 3369 811 3426 ita
831 3373 864 3424 ut
882 3366 956 3423 inter
977 3371 1095 3424 mortem
1114 3366 1173 3423 eius
1190 3363 1231 3424 15

132 3452 265 3528 Augusti,
288 3470 360 3527 quae
374 3453 428 3510 fuit
449 3455 539 3533 prima
558 3457 730 3534 assumptio,
750 3470 851 3529 nempe
871 3450 1023 3509 secundum
1036 3449 1166 3524 animam,
1183 3448 1231 3505 in-

132 3537 312 3597 tercesserint
326 3538 515 3614 quadraginta
532 3539 591 3595 dies
611 3557 701 3613 usque
722 3540 790 3596 dum
810 3537 902 3595 anina
922 3555 985 3595 cum
999 3554 1116 3614 corpore
1131 3550 1230 3590 rursus

133 3622 328 3699 conglutinata
346 3623 496 3682 resurrexit
516 3623 663 3698 melosque
685 3623 792 3701 petivit.
830 3631 929 3680 rerum
945 3622 1015 3680 haec
1038 3620 1113 3678 omni
1133 3616 1230 3674 verisi-

133 3707 289 3766 militudine
308 3714 414 3785 carent,
434 3713 465 3766 et
480 3709 664 3768 adversantur
685 3713 743 3765 tam
763 3705 881 3764 Latinae
902 3725 986 3782 quam
1002 3705 1127 3762 Graecae
1142 3700 1231 3758 ecde-

133 3797 210 3866 siae;
230 3797 361 3868 recteque
381 3799 463 3854 notat
483 3793 620 3852 Batonius
639 3793 668 3850 in
683 3791 882 3870 martyrologio
902 3790 1031 3850 Romano
1045 3789 1082 3848 ad
1098 3787 1170 3877 dieup
1187 3781 1229 3848 15

134 3878 257 3957 Augusti
276 3877 345 3936 illud
367 3879 403 3936 de
419 3881 542 3938 secunda
556 3877 746 3956 assumptione
767 3891 829 3936 esse
845 3877 1042 3935 assumendum
1060 3891 1118 3930 non
1138 3890 1157 3928 a
1173 3870 1231 3928 Be·

135 3966 189 4042 da,
218 3965 269 4022 sed
288 3981 305 4020 a
321 3962 394 4021 mala
410 3964 539 4040 quapiam
559 3983 651 4022 manu.
692 3979 744 4020 nec
764 3962 937 4021 consuetudo
958 3960 1160 4045 Germanorum
1178 3956 1230 4013 tri·

134 4050 266 4109 cesimum
285 4053 446 4128 assumptae
465 4049 579 4126 virginis
598 4047 796 4107 celebrantium
816 4047 971 4123 quidquam
985 4043 1058 4101 hanc
1071 4040 1230 4121 persuasio-

136 4153 199 4192 nem
226 4136 316 4192 iuvat:
343 4153 402 4194 non
425 4134 549 4192 enimin
571 4135 678 4194 faciunt
699 4134 778 4209 quasi
799 4131 938 4212 tricesimo
958 4130 1071 4186 demum
1090 4127 1136 4185 die
1155 4125 1230 4183 redi-

134 4219 197 4278 viva
216 4220 247 4278 in
266 4219 358 4280 caelos
375 4219 497 4279 exaltata
515 4220 614 4298 suerit,
642 4220 693 4278 sed
710 4219 779 4278 totis
799 4215 852 4272 illis
868 4215 984 4293 triginta
1004 4212 1102 4272 diebus
1122 4229 1231 4270 assum·
1310 4263 1315 4278 ,

136 4304 196 4381 ptio
217 4305 247 4364 in
267 4305 374 4367 caelum
393 4305 490 4366 stab‘m
509 4324 528 4364 a
547 4310 637 4366 morte
655 4304 914 4388 factadecantatur.
958 4297 1059 4358 Graeci
1072 4316 1129 4358 uon
1140 4299 1236 4401 agunt-0
