3034 4916
285 329 360 401 306
442 323 653 396 GRETSERJ
669 323 724 389 ET
743 319 876 389 GOARI
890 319 1222 388 COMMENTARIUS
1497 371 1498 418 ,

285 487 463 578 eiplcuou'al
475 485 560 570 idua
573 489 680 563 codro,
701 482 754 549 acl
775 479 830 558 δός
849 476 931 568 αὐτῷ
951 477 1009 562 τήν
1031 476 1120 564 χάριν
1133 475 1189 564 seir
1201 471 1377 567 οἷιιολοιροί·

285 599 377 654 usne,
397 575 453 654 rein
467 567 605 655 εὐλογίαν
617 576 673 635 τοῦ
684 564 843 652 Ἰορδάνου.
883 569 1014 648 ποίησον
1032 562 1106 633 arisi
1122 562 1302 672 ἅφθαρσίας
1320 579 1378 650 ain·

284 662 360 748 poia,
381 661 529 744 ἆγιασμοῦ
551 660 666 738 δῶρον,
693 649 913 738 ἁμαρτημάτων
925 647 1084 734 λυτήριον,
1112 672 1292 735 νοσηματων
1306 650 1378 718 oile-

286 744 444 830 ξηιήριον,
476 745 615 825 δαίμοσιν
638 735 793 819 ὀλέθριον,
819 745 885 812 ταῖς
905 737 1052 813 ἐναντίαις
1064 735 1233 820 devincunt
1250 733 1378 822 ‹inprior-

285 857 358 905 τον,
386 827 542 915 ἆγγιλιιιῆς
569 821 672 908 ἰσχύος
693 823 944 906 πεπληρωμένον,
971 823 1023 886 ἵνα
1043 821 1156 900 πάντες
1169 825 1202 887 oi
1215 818 1378 906 οἷροόμενοι

286 919 338 983 nel
353 909 626 998 μεταλαμβάνοντες
639 911 733 991 ἔχοιεν
746 905 822 972 arisel
837 904 909 989 ιιρός
920 905 1113 990 καθαρισμὸν
1126 913 1233 990 ψνγοῖν
1246 908 1298 972 nul
1317 929 1378 972 σοι·

285 997 405 1086 μάτων,
429 996 505 1079 πρὸς
520 998 636 1080 inspius
649 999 780 1066 παθῶν,
806 989 882 1075 πρός
901 988 1062 1075 α’γιασμὸν,
1091 990 1168 1076 πρὸς
1181 998 1284 1058 πᾶσαν
1297 989 1380 1072 aipi-

285 1096 368 1152 tecan
382 1082 561 1166 ἐπιτήδειον.
603 1101 655 1141 nec
670 1083 700 1140 in
715 1081 779 1140 aula
791 1081 882 1139 solum
894 1081 946 1138 sed
966 1085 996 1140 et
1012 1080 1042 1136 in
1059 1078 1119 1138 aliis
1136 1080 1265 1139 omnibus
1287 1079 1378 1138 Grae-

285 1173 385 1234 canicis
398 1171 518 1230 ecclesiis
534 1185 610 1245 aque
623 1168 677 1226 hoc
690 1167 742 1228 ¹die
761 1165 992 1243 benedicebatur,
1012 1164 1096 1224 etiarn
1115 1167 1193 1246 apud
1210 1163 1378 1245 Aethiopas,

285 1261 335 1334 qui
357 1258 441 1317 hodie
460 1256 542 1314 undis
564 1271 622 1312 nou
641 1253 726 1311 modo
749 1269 780 1309 se
801 1255 954 1329 aspergunt
968 1251 1019 1308 sed
1033 1255 1063 1308 et
1075 1251 1187 1328 penitus
1200 1250 1376 1326 immergunt

266 1331 268 1336 ⁵
285 1349 316 1402 et
335 1343 431 1400 fideles
449 1342 521 1400 circa
538 1339 657 1398 mediam
674 1343 799 1414 noctem,
817 1354 891 1413 quae
902 1336 1176 1412 festumanteeedit,
1198 1335 1235 1394 ob
1249 1319 1377 1394 releren-

284 1431 354 1488 tiam
367 1427 499 1506 baptismi
513 1443 570 1500 quo
583 1423 706 1482 salvator
719 1427 815 1480 noster
827 1422 931 1480 tinctm
944 1426 1005 1498 est,
1024 1425 1159 1496 aquatum
1171 1419 1268 1497 ibant,
1290 1438 1377 1477 unm-

285 1514 405 1588 quisque
418 1513 455 1569 ad
469 1510 580 1569 obvium
595 1508 648 1566 sibi
666 1509 773 1565 sontem
794 1506 882 1564 rivum
910 1512 961 1565 aut
980 1507 1111 1582 fluvium,
1130 1505 1174 1564 cui
1196 1523 1289 1580 aquae
1308 1506 1377 1562 deus

284 1598 359 1656 hanc
375 1595 595 1654 benedictionem
610 1592 780 1669 largiebatur
799 1597 832 1650 ut
847 1590 941 1649 multis
961 1591 1042 1649 annis
1059 1591 1221 1668 incorrupta
1242 1595 1376 1650 maneret.
1496 1628 1498 1683 p

285 1682 368 1740 testis
383 1679 506 1758 locuples
521 1678 603 1738 huius
616 1678 656 1736 rei
670 1679 700 1735 S.
714 1677 949 1754 chrysostomus,
971 1675 1045 1734 hom.
1058 1676 1095 1733 de
1109 1675 1256 1755 Baptismo
1272 1674 1377 1734 Christi

285 1771 353 1826 tona
376 1767 396 1830 5
421 1783 537 1844 operum
560 1763 738 1822 Graecorum.
779 1766 810 1821 in
833 1763 884 1821 bac
910 1761 1067 1820 solennitate
1095 1760 1292 1841 (epiphaniae,
1320 1778 1377 1835 qua

176 1846 200 1906 Ρ
217 1848 269 1904 229
286 1851 387 1910 Graeci
407 1850 499 1933 μέγαν
522 1843 669 1931 ἁγιασμόν
688 1843 843 1926 celebrant)
866 1849 914 1905 cub
934 1847 1048 1905 rnedimn
1059 1853 1157 1905 nouem
1173 1865 1258 1905 onnes
1271 1843 1378 1922 elipeu-

285 1929 1377 2094 mammsmw,
1496 2024 1498 2041 s

285 2041 437 2165 wilcasini
453 2039 537 2182 σεῖσαι
550 2099 616 2180 (per
628 2102 797 2181 baptismum
820 2059 926 2158 (lhristi
942 2101 972 2158 in
991 2099 1139 2180 Iordane);
1156 2102 1245 2179 fitque
1258 2104 1375 2159 ιιιίιοαιι·

286 2190 341 2249 lom
357 2189 478 2262 euidens,
497 2186 559 2245 uam
571 2187 638 2245 rete
650 2190 771 2264 temporis
784 2186 978 2264 longinquitate
998 2204 1127 2263 οριιοιιιιιι
1145 2185 1255 2245 illumne
1275 2190 1377 2244 naas

286 2277 418 2347 anatur,
439 2272 485 2332 red
498 2275 601 2348 integro
615 2290 700 2347 anno,
729 2270 887 2349 etpueudeo
900 2271 1001 2330 biennio
1017 2275 1042 2328 et
1058 2274 1171 2330 triennio
1187 2289 1279 2349 saepe,
1310 2286 1377 2348 ιγιιοι

160 2364 165 2376 ’
287 2358 362 2418 bodie
375 2357 437 2437 fait
452 2358 565 2428 lausto,
584 2359 740 2434 ιἰιιοιιομια
757 2361 783 2415 et
797 2373 886 2415 secane
900 2361 1053 2434 pennunet,
1074 2375 1108 2414 ac
1121 2359 1182 2436 pact
1196 2361 1299 2414 tanturn
1311 2361 1377 2414 tern-

283 2447 357 2523 pon‘r
377 2463 435 2503 acm
455 2445 491 2501 iia
510 2459 577 2522 quae
598 2459 681 2519 nuper
698 2441 807 2520 suomi
824 2461 838 2499 e
856 2438 979 2518 sontibus
998 2440 1107 2500 ductae
1125 2445 1215 2500 aedat.
1256 2437 1326 2498 haec
1345 2439 1375 2496 S.

287 2529 514 2606 chrysostomus.
556 2526 625 2602 qrrid
645 2545 711 2584 vero
729 2526 760 2584 S.
776 2523 952 2603 Epiphanius
966 2524 1074 2584 haeresi
1098 2524 1163 2588 512
1205 2525 1275 2584 mira
1295 2523 1376 2583 uimi-

285 2633 364 2690 rum,
391 2633 425 2671 eo
444 2615 509 2692 ipso
529 2611 618 2688 festo,
645 2611 699 2669 hoc
719 2615 764 2669 est
783 2614 863 2668 sexto
884 2611 930 2668 die
946 2610 1078 2688 Ianuarii,
1096 2610 1125 2667 in
1143 2610 1302 2668 memoriam
1324 2627 1374 2688 pa-

284 2699 354 2757 trati
373 2717 390 2756 a
405 2698 519 2756 Christo
534 2696 673 2773 miraculi,
695 2696 832 2772 quosdam
843 2694 937 2753 fontes
951 2701 1038 2773 atque
1057 2697 1129 2754 adeo
1147 2696 1241 2773 ipsum
1259 2695 1374 2753 fluvium

284 2781 382 2840 Nilum
401 2779 472 2840 ellici
490 2783 602 2841 vinosos
622 2799 672 2840 seu
695 2782 725 2838 in
742 2781 837 2840 vinum
856 2781 934 2840 verti.
977 2781 1122 2840 audiamus
1145 2781 1238 2859 ipsum
1260 2780 1290 2839 S.
1304 2779 1374 2858 Epi-

285 2866 426 2946 phaniam.
469 2870 542 2925 drea
554 2870 640 2946 ipson
653 2864 942 2945 andecimum(meusis
962 2864 1055 2943 Tybi,
1077 2867 1126 2941 qui
1145 2874 1190 2926 est
1205 2871 1302 2924 sertus
1323 2884 1373 2922 no-

269 2950 487 3029 ·strileuuarii)
507 2957 568 3028 poet
586 2970 671 3010 aanor
692 2954 808 3027 triginta
823 2950 932 3028 suctum
952 2957 991 3011 eat
1009 2955 1124 3032 μιιίιιιιιιι
1137 2949 1375 3027 nguentatus
1496 2961 1497 2966 ’

287 3034 444 3108 Galilaeae,
467 3034 571 3112 quaudo
589 3054 661 3113 apua
678 3035 763 3114 suctu
779 3041 821 3094 est
832 3039 931 3096 οἰοαιιι.
972 3042 1130 3115 quapropter
1145 3039 1226 3095 etiam
1239 3038 1270 3094 ιἰι
1282 3034 1374 3093 nultr'c
1496 3049 1497 3070 ι

278 3120 350 3179 Αἱοιιί
366 3122 487 3197 usquein
501 3119 570 3176 lonc
581 3118 649 3177 aliern
662 3119 710 3177 boe
716 3122 772 3197 fit,
793 3120 862 3198 quod
870 3126 934 3179 tunc
940 3120 1050 3200 sactum
1063 3127 1117 3196 cet,
1137 3121 1255 3180 dicim
1268 3123 1373 3196 aignan

284 3209 314 3263 in
328 3203 672 3278 testimoniumrincredulie,
693 3204 766 3262 oeten
785 3211 916 3264 teetuntm
930 3208 960 3265 in
975 3207 1066 3266 moltis
1080 3206 1145 3264 lucia
1157 3205 1249 3285 fontes
1265 3224 1299 3264 uc
1312 3205 1373 3283 flu-

283 3291 327 3349 uii
341 3291 371 3347 in
388 3292 479 3348 οιίιιιιιι
498 3291 633 3365 umberti,
658 3288 765 3368 Cibyrae
788 3289 890 3369 quidem
915 3292 990 3350 urbis
1013 3291 1109 3350 Curiae
1126 3291 1210 3372 jorn,
1239 3309 1294 3368 qua
1308 3289 1372 3346 Ιιοιο

284 3374 428 3432 boumont
448 3375 566 3432 nimitri
589 3379 614 3432 et
635 3376 689 3452 ι’μιι
712 3374 786 3433 dixit
811 3371 891 3433 “uate
912 3368 1118 3434 urclitn'elino.''
1159 3381 1275 3434 testatur
1298 3381 1324 3432 et
1342 3378 1371 3432 ιἰι

285 3457 388 3517 uacca
410 3456 527 3516 Arabiae
545 3456 610 3536 soro
630 3457 759 3520 similiter.
799 3479 845 3518 nne
864 3460 974 3519 bibinae
988 3460 1019 3518 de
1036 3461 1144 3540 tl'byrec
1156 3457 1248 3539 sonte,
1269 3459 1372 3538 [ιοιιιι

285 3560 346 3602 uero
363 3544 447 3601 nostri
462 3541 495 3600 de
509 3561 537 3600 eo
552 3546 600 3621 ραι·
615 3548 656 3601 est
669 3547 697 3602 in
711 3543 829 3617 Gaura,
846 3546 875 3603 in
890 3550 1037 3622 martyrum
1048 3543 1152 3621 templo.
1194 3545 1240 3603 red
1254 3550 1280 3603 et
1294 3543 1372 3602 anulii

274 3629 313 3686 'in
325 3625 447 3705 Aegypta
460 3625 493 3684 de
506 3623 633 3686 Nilotica
647 3633 788 3688 ιιιιοιιίαι.
828 3634 885 3688 tres
903 3647 972 3705 ergo
985 3647 1073 3704 aquas
1085 3629 1227 3706 nominat,
1244 3647 1317 3704 quae
1330 3627 1371 3684 di-

281 3715 329 3770 cto
341 3710 414 3769 festo
427 3711 456 3767 in
469 3710 562 3770 vinum
576 3718 737 3789 vertantur,
767 3709 800 3792 1)
812 3713 920 3772 sautem
931 3714 1064 3790 Cibyres,
1091 3718 1123 3790 2)
1136 3715 1243 3772 fontem
1262 3714 1293 3771 iu
1313 3713 1370 3769 Ga-

238 3835 240 3840 *
280 3797 362 3871 riusa,
382 3792 417 3874 8)
430 3792 534 3854 Nilum
575 3815 638 3856 cum
655 3798 741 3872 igitur
761 3803 818 3854 tres
835 3799 883 3856 isti
898 3799 991 3856 fontes
1005 3799 1101 3856 vinoso
1114 3817 1215 3878 sapore
1227 3815 1369 3874 nunquam

281 3875 412 3938 fluxerint
428 3879 482 3937 uisi
494 3879 547 3939 hoc
560 3881 621 3957 die,
644 3881 821 3940 manifestum
841 3881 874 3941 fit
887 3882 940 3941 hoc
953 3883 1114 3943 miraculum
1130 3903 1187 3941 non
1199 3901 1261 3941 esse
1275 3889 1369 3962 patru-

281 3967 343 4019 tum
358 3963 410 4021 nisi
429 3965 467 4022 ad
482 3963 657 4024 recolendam
673 3966 833 4025 memoriam
850 3967 907 4026 vini
926 3986 961 4026 ex
982 3985 1058 4044 equa
1078 3989 1096 4027 a
1118 3968 1232 4026 Christo
1247 3969 1277 4026 iu
1290 3957 1369 4026 Caua

282 4045 424 4107 Galilaeae
437 4050 573 4127 producti.
614 4056 645 4110 et
658 4051 695 4107 de
707 4049 751 4108 his
765 4051 854 4130 tribus¹
864 4052 998 4129 fontibus,
1010 4053 1102 4130 inquit
1114 4051 1252 4111 Baronius
1265 4059 1334 4111 tom.
1350 4053 1367 4114 1

281 4147 356 4187 anno
373 4131 410 4194 31
428 4151 456 4191 u.
468 4132 528 4210 33,
547 4153 579 4193 se
591 4154 649 4194 uon
657 4135 819 4193 meminisse
829 4135 916 4194 ullum
930 4138 983 4196 sibi
994 4139 1174 4216 scriptorem,
1196 4138 1244 4213 qui
1264 4136 1369 4195 Christi

282 4211 404 4273 natalem
416 4219 611 4297 anteoemerit,
640 4219 742 4280 lectum
760 4238 837 4298 esse,
868 4222 916 4296 qui
936 4228 1056 4282 testetur
1068 4224 1140 4281 duos
1153 4221 1216 4280 illos
1229 4221 1321 4302 fontes¹
1338 4226 1368 4278 et

280 4299 396 4390 fluvium
409 4297 505 4362 Nilum
518 4305 588 4365 verti
601 4305 631 4365 iu
645 4306 746 4368 viuum
788 4305 834 4366 hic
846 4305 982 4370 illustriss.
996 4308 1108 4376 Barouii
1120 4307 1310 4368 conducticias
1322 4325 1368 4367 ou·
1495 4319 1496 4343 ³
