3034 4916
271 307 346 377 272
429 304 639 376 naussum
651 305 707 372 ET
725 301 859 374 GOARI
872 303 1206 388 COMMENTARIUS

271 467 360 523 birino
377 465 484 522 mudena
500 465 666 522 Numidarum
682 481 777 522 ποτοοι
795 464 876 520 insse
892 466 976 522 refert
992 467 1012 522 l.
1029 469 1083 524 232
1100 467 1195 540 quibas
1210 467 1369 522 ιλοιιιλλοτιιιι

270 541 301 594 in
311 538 416 592 modam
429 537 501 592 λλιιοι
509 537 672 591 trahentibus
682 553 760 608 τφιιοο
769 537 840 590 istor
850 536 1004 592 οτοοτίοιιιπι
1014 554 1092 607 torpe
1100 555 1221 609 pugnam
1233 540 1264 592 io
1278 556 1369 592 τωτο-

270 614 324 662 λοπι
340 623 430 676 equum
441 610 547 675 essarto
558 608 719 661 transultare
729 623 782 660 mot
798 611 868 662 arato
883 611 960 660 tauta
977 609 1101 662 uelocitas
1115 609 1194 678 ipris,
1213 615 1270 660 tam
1287 609 1369 662 docile

271 693 395 747 οηαοταπι
406 692 500 748 geum.
535 674 568 727 de
585 675 683 742 Quodis
700 681 726 730 et
742 673 868 730 Sarmatis
885 673 950 730 iden
966 683 1056 730 narrat
1072 675 1238 731 Marcellinus
1254 677 1272 731 l.
1290 679 1334 734 17.

339 791 441 864 pltv.
451 795 492 850 la
504 787 679 864 διιιαβολλλοι]
687 809 751 864 qnos
760 787 923 862 ἅμφλπποοι
932 792 1024 848 Pollux
1033 792 1138 860 diceret,
1151 794 1198 866 pai
1211 794 1283 848 binos
1294 811 1370 865 τητιοι

269 863 416 934 bnbcbnnt,
439 881 549 933 ηαοτιιοι
572 863 639 916 nitor
659 864 737 918 ολλιτί
758 864 961 934 οιλίαιιςτλαλατ.
998 863 1160 931 Hesychiusr
1182 857 1326 932 ἁμίππους
1342 871 1370 916 et

269 927 382 1002 ἅζομαι.
417 932 523 986 Suidosr
542 926 663 999 ἅμιπποι
678 928 708 986 ολ
723 925 774 986 σὺν
790 930 886 994 ἵπποιο
901 927 1114 1002 στρατευόμενοι
1153 929 1201 986 sai
1220 927 1235 986 ὁ
1254 927 1368 986 ἐπελαύ-

269 1018 328 1056 ros
346 996 515 1064 uictberct
530 994 581 1069 μὲν
597 993 738 1070 ἐποχεῖται
754 995 804 1056 aba
821 993 853 1055 bl
879 1000 1051 1069 παρέλκεται.
1086 971 1241 1056 aiiomanis
1258 1001 1370 1072 antiquis

270 1070 298 1124 in
318 1071 434 1124 Graecos
451 1085 506 1123 unos
523 1070 573 1123 iste
587 1070 734 1124 desultoriis
752 1087 784 1124 ex
803 1070 876 1140 equis
900 1070 1030 1141 pugnandi
1050 1068 1198 1140 derivarat,
1222 1070 1255 1123 de
1277 1070 1371 1139 quibus

270 1139 381 1194 aaron
396 1141 508 1209 paribus
526 1141 614 1209 spuis,
629 1140 660 1192 id
681 1140 847 1209 uiticolae,
869 1139 981 1194 Βοτιοια·
998 1139 1139 1194 utebantur
1154 1142 1183 1194 ιό
1201 1140 1318 1210 praelio,
1340 1145 1371 1193 ut

270 1210 383 1265 rudnutc
393 1211 476 1266 attero
486 1210 630 1266 transireat
640 1209 670 1264 ιἰι
680 1210 785 1265 ciocum
820 1208 854 1264 da
870 1209 1048 1266 nouocaballis
1064 1216 1150 1263 actum
1162 1208 1318 1264 iamdudum.

352 1331 389 1392 rb.
408 1349 435 1390 v.
452 1333 502 1394 21.
538 1332 574 1390 de
598 1329 718 1390 Arabica
743 1332 850 1411 origine
871 1330 998 1391 vocabuli
1023 1331 1241 1391 Blachernarum
1261 1330 1369 1390 suavis-

268 1416 353 1476 simas
366 1435 457 1494 nugas
472 1417 531 1494 agit
545 1416 649 1477 Ιαοὶιιο.
669 1423 776 1492 quanto
793 1418 896 1477 rectius
912 1422 1009 1478 auctor
1030 1417 1114 1477 libelli
1132 1419 1168 1476 de
1190 1414 1230 1481 14
1248 1415 1370 1494 regioni-

267 1502 321 1560 bus
340 1502 420 1571 urbia
443 1502 625 1581 cpolitanae!
652 1502 860 1564 Βλαολιιαιοταοι
880 1501 1033 1584 (suburbii)
1058 1523 1148 1564 παααι
1167 1522 1186 1561 ο
1209 1502 1323 1582 pandam
1342 1522 1371 1560 eo

268 1589 299 1646 io
316 1587 372 1646 loco
384 1593 510 1664 regularia
523 1589 638 1648 raditum
650 1589 740 1667 fuisse
757 1607 790 1648 ea·
808 1587 937 1667 Dionysio
956 1588 1093 1668 Byzantio
1111 1588 1213 1648 Getta
1235 1592 1371 1646 autumat.

268 1671 378 1732 iacebat
393 1673 431 1730 ad
455 1671 536 1732 littus
556 1673 655 1752 maris,
675 1674 725 1732 ubi
749 1674 834 1734 etiam
852 1671 914 1734 Leo
934 1691 1052 1752 magnus
1079 1674 1211 1753 deiparae
1235 1672 1371 1754 templum

270 1758 425 1836 euocat,
445 1757 521 1820 aliud
536 1759 571 1819 ab
586 1759 633 1818 illo
647 1757 826 1840 Pulcheriae,
847 1760 884 1820 de
900 1777 957 1838 quc
970 1758 1146 1842 Nicephoms
1165 1759 1205 1822 15
1220 1757 1272 1822 24.

354 1913 382 1973 p.
397 1889 438 1958 4s
452 1912 479 1952 v.
494 1897 523 1959 8.
545 1894 666 1974 drunga]
694 1895 734 1956 sic
751 1895 821 1976 'lego
841 1913 876 1959 ex
889 1914 947 1957 mss
961 1893 1110 1957 codicibus.
1130 1893 1227 1957 Iunius
1241 1891 1371 1971 dmugus,

268 1976 365 2040 mallet
379 1984 475 2038 tamen
490 1980 619 2060 druogm.

337 2101 415 2184 clay.
429 2103 473 2155 11.
498 2097 735 2184 uaccpopilcsea]
754 2098 888 2174 ἄρχοντες
907 2097 1100 2174 οτηιιτιαπιιιολ
1122 2097 1154 2158 ἔτ
1178 2102 1242 2165 ταῖς
1257 2098 1371 2156 πόλεσιν

269 2161 335 2240 ἤτοι
351 2185 491 2239 ιιαοτροις.
524 2170 678 2225 Iusunranus
693 2175 894 2244 nnpcrcitatus.

352 2284 389 2344 ib.
408 2301 437 2344 v.
457 2285 505 2348 13.
531 2285 641 2346 videtur
654 2285 805 2367 legendum
823 2295 873 2348 aut
888 2281 1013 2352 πάντων
1026 2292 1078 2348 aut
1090 2289 1186 2350 πᾶσαι
1198 2281 1370 2366 imperiur,

267 2373 302 2428 ut
317 2375 430 2430 constet
447 2371 546 2431 oratio.
567 2377 674 2432 certum
693 2378 739 2433 est
758 2379 851 2433 autem
872 2376 1013 2435 Codinum
1029 2375 1122 2434 omnia
1136 2371 1227 2432 officia
1243 2375 1274 2429 et
1290 2368 1371 2428 mini-

267 2456 370 2535 steria,
389 2471 462 2533 quae
474 2455 539 2516 olim
554 2457 584 2518 in
604 2458 669 2520 aule
688 2459 952 2541 Cpolitanaerant‚
973 2461 1025 2519 sed
1046 2478 1081 2518 ea
1101 2458 1279 2540 potissimum
1299 2473 1372 2530 quae

267 2559 321 2601 suo
335 2547 462 2621 tempore
476 2541 625 2622 vigebant,
646 2547 849 2625 percensuisse:
871 2566 936 2606 nam
955 2546 1020 2605 olim
1041 2545 1096 2603 alia
1109 2550 1196 2619 atque
1211 2542 1266 2601 alia
1280 2544 1372 2616 erant,

270 2632 305 2686 nt
319 2626 444 2688 Graecae
465 2628 598 2690 historiae
618 2629 702 2689 lectio
721 2651 774 2690 nos
796 2633 887 2691 docet
907 2634 984 2711 apud
1004 2631 1223 2690 Constantinum
1242 2626 1372 2705 Porphy-

269 2713 430 2789 rogenitum
450 2712 469 2774 l.
485 2717 521 2774 de
535 2715 756 2775 administrando
776 2717 893 2796 imperio
912 2737 935 2777 c
957 2717 997 2781 51
1014 2722 1129 2796 praeter
1136 2712 1324 2795 protocarabor
1342 2715 1372 2768 et

271 2796 341 2856 alios
355 2798 478 2858 invenus
498 2796 550 2862 riu
560 2799 609 2864 lul
619 2805 673 2880 τῆς
685 2797 797 2880 φιάλης
807 2822 857 2862 seu
867 2798 916 2866 civ
930 2806 987 2883 τῆς
999 2798 1127 2880 φιάλης,
1148 2799 1197 2878 qui
1210 2803 1273 2858 erat
1287 2797 1372 2854 iudex

271 2882 372 2943 turbae
390 2885 520 2946 nauticae
536 2884 680 2946 ἀτοοιοπιπι
697 2906 748 2946 sen
766 2887 953 2948 ἀτοποοίααιο
965 2887 1165 2967 imperialium,
1183 2886 1284 2960 iusque
1297 2882 1372 2940 ‹lice-

271 2965 325 3026 bat
344 2970 446 3028 sedens
459 2970 490 3030 in
512 2970 574 3031 loco
595 2972 755 3050 bernonis,
776 2974 825 3049 qui
844 2972 942 3034 Phiala
964 2973 1129 3052 appellatur.
1149 2972 1223 3030 idem
1243 2968 1371 3027 Codinus

271 3051 340 3112 nihil
366 3055 479 3133 scripsit
500 3057 536 3115 de
558 3056 719 3116 officialibus
741 3057 889 3137 Augustae
918 3078 969 3119 sen
989 3057 1186 3138 imperatricis;
1214 3059 1370 3126 ettamen,

270 3143 304 3196 ut
317 3139 372 3199 hoc
392 3159 461 3199 aevo
474 3141 694 3220 imperatricibus
719 3148 750 3202 et
762 3145 866 3222 reginis
881 3146 925 3204 sui
942 3151 1010 3204 sunt
1027 3143 1177 3220 officiales,
1197 3141 1282 3201 itaet
1297 3137 1371 3196 anti-

271 3223 367 3300 quitus
387 3231 476 3286 erant.
496 3227 561 3287 binc
573 3229 650 3309 apud
663 3230 749 3289 modo
762 3231 935 3290 nominatum
950 3230 1168 3290 Constantinum
1188 3246 1212 3286 c.
1233 3225 1275 3291 61
1293 3224 1370 3282 inve·

269 3309 334 3371 nies
353 3307 406 3375 cbo
424 3310 474 3376 lat
491 3317 546 3392 πῆς
568 3313 714 3394 τραπέζης
731 3317 787 3396 τῆς
808 3309 1005 3401 Aureliam,
1032 3316 1081 3394 qui
1101 3315 1186 3376 etiam
1205 3315 1268 3372 erat
1286 3310 1370 3368 iudex

270 3395 446 3474 Agraaaoa
460 3397 578 3482 (navigii
589 3401 619 3462 id
634 3399 739 3482 genus)
755 3402 904 3480 Augustae.
