3016 4906
453 291 900 406 φρασσαμενοι]
1143 293 1216 366 sor

126 455 286 542 ἱστάμενον
302 460 346 536 είς
358 447 395 524 roi
409 454 480 542 ι’ίμια
490 460 595 542 θνρία.
637 461 867 524 Cantacuzenns:
889 455 981 534 αιίιίς
1000 453 1033 522 δὲ
1047 455 1141 540 μόνος
1155 461 1224 544 εἰσ-Ι

129 541 283 628 ερχόμενος
310 544 363 609 τιίν
393 545 506 608 σωλέαν
528 543 581 608 cdv
603 543 787 629 πατριαρχην
812 547 862 610 ἐπὶ
879 553 944 620 σαῖς
965 547 1056 626 ἱεραῖς
1071 547 1219 628 κιγκλίσιν

127 627 269 711 ἑστηκότα
285 629 427 710 ειίρίσκει)
446 632 504 690 sive
522 633 585 717 quis
599 631 711 694 σωλίαν
726 654 743 692 e
758 633 812 692 solo
824 652 875 691 seu
896 633 1045 712 pavimento
1058 632 1152 709 potius
1170 634 1221 690 de-

127 719 229 776 ducere
237 716 321 794 velit,
343 717 520 779 nominerori
535 715 648 780 σωλέον
664 738 682 778 a
697 719 751 777 solo
768 719 805 778 ad
819 724 913 778 totum
925 717 1002 774 illum
1016 715 1116 793 locum,
1138 732 1222 792 quern

127 822 179 862 nos
195 804 224 861 in
240 803 344 860 nostris
363 803 474 880 tempr
489 801 604 861 chorum
620 822 750 862 vocamus
759 844 770 880 ‚
791 803 946 880 translato,
968 801 1044 878 quod
1054 802 1120 858 mihi
1129 804 1221 864 minus

127 888 160 964 fit
175 885 327 967 probabile.
370 893 431 944 erat
447 893 542 948 autem
556 887 634 948 locus
651 889 721 967 iste,
742 895 775 946 ut
795 894 825 947 et
841 887 858 950 ὁ
874 883 997 967 ίίμβων,
1018 887 1134 944 caeteris
1149 894 1221 946 tem-

126 973 166 1053 pli
185 973 311 1050 partibus
324 971 408 1049 longe
422 973 553 1031 ornatior.
596 991 683 1050 quere
703 975 733 1032 in
747 973 909 1050 OrigInibus
926 971 1083 1050 Cpolitanis
1102 973 1222 1030 refertur

127 1056 241 1119 σωλέαν
254 1075 272 1114 ο
284 1057 438 1115 Iustiniano
456 1058 616 1136 conditum,
636 1078 699 1118 cum
715 1079 783 1118 casu
799 1059 899 1117 trullae
913 1075 963 1116 scu
980 1057 1092 1115 fornicis
1108 1057 1222 1117 commi-

126 1149 212 1201 nutus
226 1148 316 1218 esset,
338 1161 396 1200 non
412 1143 538 1219 potuisse
555 1163 573 1202 a
591 1143 701 1203 Iustino
726 1162 884 1207 successore
906 1140 1054 1201 Iustiniani
1076 1142 1106 1201 in
1127 1143 1223 1220 pristi-

126 1247 194 1286 num
210 1227 388 1305 splendorem
405 1233 433 1286 et
451 1229 571 1287 nitorem
586 1229 704 1288 restitui.
745 1225 796 1292 τείν
816 1225 850 1292 δὲ
872 1221 1001 1308 ἅμβοιννι
1021 1225 1074 1288 καί
1095 1223 1150 1291 τίν
1163 1247 1224 1291 σοι·

126 1313 196 1375 λεάν
211 1309 251 1391 μὴ
268 1305 434 1391 δυνάμενος
452 1317 578 1392 noricos
596 1310 701 1388 καθείς
715 1304 794 1390 ἦσαν
808 1311 969 1396 πρότερον,
999 1309 1156 1390 ἐποίησεν,
1180 1311 1224 1386 νίς

128 1395 233 1476 ὁρᾶται
256 1400 333 1470 νῦν,
356 1391 584 1477 ἆργνρὲνὸντσν.
626 1398 749 1458 Meursio
765 1398 849 1458 coloes
864 1404 909 1457 est
926 1397 1020 1457 solium
1036 1415 1087 1455 seu
1108 1397 1225 1456 thronus.

125 1483 179 1541 scd
199 1482 304 1558 aliquid
324 1481 400 1540 aliud
420 1483 506 1542 fuisse
523 1484 592 1542 satis
614 1490 711 1564 aperte
725 1485 830 1544 indicat
848 1482 1032 1562 curopalate:
1059 1502 1124 1541 nam
1142 1480 1223 1563 διέρ-

127 1573 234 1648 χεσθαι
247 1573 277 1626 et
299 1565 482 1645 είσίρχεσθαι
506 1569 548 1640 είς
569 1564 619 1631 τὸν
642 1567 769 1644 σωλὲαν,
786 1588 848 1645 ‚qua
865 1569 960 1648 phrasi
976 1569 1064 1626 utitur
1080 1569 1223 1627 Cantocu-

127 1671 228 1730 senus,
256 1651 333 1712 eliud
353 1654 485 1730 quiddam
500 1653 622 1713 innuunt
638 1673 722 1730 quam
736 1655 867 1714 thronum
882 1674 932 1712 seu
949 1653 1064 1734 solium.

153 1827 155 1831 .
195 1764 258 1820 ibid.
279 1759 384 1826 σαλίοις
396 1765 490 1831 gradus
500 1765 543 1818 vel
553 1766 623 1818 locus
635 1765 775 1823 excelsior.
792 1766 864 1833 quasi
878 1767 968 1818 solium
984 1765 1077 1830 dictus,
1088 1765 1120 1818 ad
1137 1781 1225 1820 sacras

107 1881 110 1888 .
128 1831 252 1956 fn'rsorroc
263 1835 332 1886 iores
342 1833 457 1902 ponitur,
471 1852 504 1888 ex
514 1851 565 1903 quo
576 1833 693 1887 Christus
706 1851 753 1902 pro
764 1835 908 1888 Christiane
917 1834 1090 1886 communione
1100 1834 1126 1886 in
1139 1851 1225 1903 popu-

138 1921 178 1956 um
191 1902 359 1954 distribuitur.
376 1903 447 1956 fores
459 1902 581 1972 βηματος
591 1919 681 1956 escrae
691 1908 765 1968 sunt,
778 1909 808 1955 ut
817 1919 947 1956 sacrorum
960 1901 1091 1966 donorum,
1101 1901 1226 1970 evangelii

126 1970 890 2112 iiiiiiizi‘itittttithtdt{iiiiii
904 1969 1226 2094 itiztidtdht?
1256 1986 1258 1992 ’

128 2104 179 2162 τόν
190 2103 295 2161 σωλίαν
312 2108 345 2160 cd
363 2109 433 2167 eliud
450 2059 542 2163 solihlm
560 2109 644 2163 delato
660 2060 728 2162 vicht
746 2057 903 2163 condidam?
920 2116 946 2162 ct
962 2109 1068 2176 regione
1084 2117 1126 2169 est
1142 2059 1226 2178 ombo‘:¹

127 2179 163 2231 ed
179 2193 254 2247 quem
271 2177 391 2245 gradibus
408 2185 459 2231 tum
477 2197 510 2232 ex
531 2179 647 2232 Orientis
663 2185 716 2232 turn
733 2196 765 2232 ex
784 2178 931 2232 Occidentis
947 2187 1022 2248 parte
1038 2178 1113 2232 detur
1135 2195 1227 2232 escen-

128 2264 172 2302 sus
196 2245 303 2317 duplexr
327 2247 369 2298 hic
392 2242 474 2314 ἀμίας
497 2243 603 2315 θκίρας,
633 2249 698 2300 elius
724 2242 828 2313 ὡραίας
849 2243 955 2313 πύλας,
979 2249 1105 2316 speciosae
1124 2255 1226 2317 portus,

127 2323 199 2369 retro
217 2316 348 2368 ambonem
366 2317 461 2386 positas
478 2333 509 2370 uc
525 2317 594 2369 inter
610 2315 762 2369 vestibulum
780 2321 808 2368 et
824 2311 896 2369 ναόν
911 2316 992 2384 ipsum
1011 2315 1125 2384 positas,
1145 2316 1229 2384 respi-
1305 2331 1306 2334 ¹

129 2386 173 2437 cit.
189 2384 222 2436 de
239 2382 360 2452 speciosis
376 2384 459 2452 portis
474 2385 598 2454 superius.
615 2385 700 2438 dehis
714 2383 812 2436 cunctis
829 2382 1011 2436 eruditissimus
1029 2383 1137 2435 Allatius
1154 2384 1230 2435 lucu-

127 2455 210 2536 lentus
227 2453 417 2506 dissertationes
435 2452 531 2508 ediditr
547 2470 594 2507 nos
611 2470 659 2523 pro
676 2460 754 2523 captu
770 2453 891 2522 quaedam
907 2451 935 2505 in
950 2451 1130 2520 Euchologicis
1146 2452 1229 2505 hedi·

126 2524 234 2644 dmuih.
250 2607 277 2678 p.
291 2591 333 2646 11.
347 2589 506 2658 στεφθῆναι
521 2587 569 2674 καί
588 2584 690 2660 αὐτήν]
708 2591 842 2654 Gregores
859 2589 920 2643 78:
939 2587 1090 2674 βασιλικοῖς
1101 2583 1228 2655 παρασή-

130 2678 193 2732 μοις
210 2655 239 2714 οί
263 2659 399 2728 Ρωμαίων
415 2656 516 2730 θεσμοὶ
533 2677 585 2723 τας
601 2659 745 2730 βασιλίδας
760 2655 880 2730 ᾕρηνται
895 2674 1016 2724 κοσμειν.

199 2761 235 2815 ib.
252 2780 279 2818 v.
292 2761 333 2816 15.
345 2757 444 2831 βάλον]
462 2779 510 2815 nec
525 2777 621 2814 ramum
638 2778 687 2814 nec
703 2759 811 2844 peiorem
825 2760 908 2813 refert
922 2758 965 2812 hic
982 2757 1058 2812 dictio
1073 2751 1165 2840 βοίϊρν,
1182 2757 1229 2810 sed

129 2837 272 2902 sceptrum,
297 2847 347 2884 non
372 2831 446 2884 laeve
472 2829 573 2900 quidem
597 2835 625 2884 ct
648 2847 714 2884 omni
731 2847 763 2884 ex
786 2834 860 2899 perte
876 2828 999 2898 aequale,
1016 2827 1062 2881 sed
1078 2826 1152 2879 nodis
1170 2826 1229 2896 glo-

128 2902 221 2970 bisque
244 2898 668 2970 productioribusinterstinctum,
696 2899 847 2967 rotundum,
869 2897 942 2968 quusi
970 2903 1043 2948 torno
1067 2897 1177 2959 fuctum,
1202 2895 1230 2946 in

130 2971 203 3022 cuius
218 2985 335 3038 supremo
353 2977 426 3035 porte
443 2969 525 3021 nodus
542 2973 583 3021 est
599 2969 678 3021 maior
695 2967 751 3020 sive
768 2967 889 3020 flosculos
907 2967 1012 3035 gemmis
1036 2963 1231 3034 circumquaque

130 3033 1231 3160 '²⁹21¹³¹³1iiim³ibiibi?iii⁸tviiiii¹¹hi⁸⁵iso¹¹⁰”uideiiifihmmf

130 3125 303 3230 ίιίίίαωίίίὶιιεε
326 3145 457 3230 detentere
481 3176 635 3229 declaretur.
659 3175 777 3244 relique,
800 3124 827 3228 nh
851 3123 943 3228 fucini
962 3121 1033 3242 prior
1050 3119 1232 3253 decedtupffin

131 3243 220 3310 effigie
236 3244 346 3296 Helenes
363 3245 489 3298 Monuelis
506 3245 638 3313 coniugis,
661 3243 687 3296 in
712 3244 880 3313 Imperatorio
901 3242 989 3312 prius,
1012 3257 1078 3291 nunc
1101 3241 1182 3308 Regio
1201 3239 1230 3292 S.

131 3310 249 3380 Dionysii
267 3328 370 3394 operum
383 3330 421 3368 ms
437 3314 469 3381 iu¹
488 3313 571 3383 Regia
588 3313 699 3368 eiusdem
722 3313 827 3365 nominis
849 3311 952 3368 abbatia
974 3308 1140 3378 reperiendo,
1162 3309 1232 3362 visus

133 3381 333 3505 comlihibhhlhi.
355 3442 412 3500 ὑπὸ
431 3443 582 3518 εὐνούχων]
606 3466 624 3502 e
645 3449 793 3522 praeposito
817 3446 890 3515 ipso,
906 3443 933 3498 id
952 3449 991 3500 est
1007 3446 1041 3499 eb
1059 3445 1231 3498 eunuchorum

132 3518 263 3590 principe,
281 3517 450 3570 deducendam
467 3517 539 3569 iubet
563 3529 641 3589 typus
660 3516 866 3586 Euchoiogicus:
889 3510 1027 3585 είσσίγεεαι
1050 3510 1068 3582 ἡ
1092 3512 1232 3584 βασίλισσα

133 3581 213 3652 παρὰ
236 3587 288 3638 τοῦ
311 3584 505 3653 πραιιεοσίεον.
530 3585 670 3640 Simocette
695 3586 722 3640 4*
735 3590 783 3642 152
810 3579 941 3654 εὐνοῦχος
966 3579 1072 3650 είς-τὴν
1091 3576 1234 3652 βασιλικὴν

133 3653 309 3724 δορυφορίαν
338 3651 553 3724 συντεταγμένος
581 3651 824 3724 κορυφαιότατος,
847 3648 883 3710 ὃν
911 3648 1099 3723 Πραιιιόσιιον
1125 3649 1233 3704 εἴθιστο

129 3716 285 3794 Ῥωμαίους
300 3716 462 3778 ἀποκαλεῖν.
1319 3727 1323 3737 “

202 3827 229 3880 p.
242 3809 276 3862 92
294 3825 321 3861 v.
337 3811 361 3861 1.
389 3801 495 3861 σωλέαν
521 3807 608 3879 prius,
630 3807 745 3861 σωλεῖσν
777 3805 819 3859 hic
840 3805 945 3861 scribite
973 3801 1017 3857 alii
1039 3800 1164 3870 σολείαν,
1187 3816 1234 3855 σσ-

135 3873 201 3933 λέαν
218 3884 268 3930 etc.

203 3946 243 4013 ib.
257 3965 283 3998 v.
296 3945 323 4002 4.
356 3936 496 4013 ἐπιτίθησι
520 3945 554 4015 τῇ
578 3944 698 4014 κεφαλῇ]
721 3943 789 3997 haud
813 3941 960 4014 patriarche
984 3955 1072 3992 vernn
1098 3938 1237 4008 imperator

135 4015 322 4084 imperatricem
348 4023 462 4068 coronet.
495 4013 605 4066 Iustinus
634 4013 646 4066 1
671 4012 828 4067 Λονιιιιιίαν
853 4009 966 4080 ἔστεψεν
991 4004 1159 4077 Αὖγοῢσταν.
1190 4009 1236 4062 iu·

140 4085 222 4136 stinus
242 4085 267 4136 11
293 4078 348 4152 εἶχε
373 4087 492 4151 γυναῖκα
515 4081 627 4150 Σοφίαν
648 4078 782 4153 ὀνόματι,
806 4077 907 4150 ἥντινα
930 4075 1043 4142 ἔστεψεν
1068 4072 1236 4147 Αὖμοῦσεαν.

137 4153 258 4206 Tiberius
276 4147 389 4218 ἔστεψεν
411 4149 596 4205 Ἀναστοισίαν.
631 4154 730 4206 Phocus
754 4149 890 4205 Λερναίαν
913 4142 965 4216 τὴν
991 4143 1093 4202 ἑαυτοῦ
1115 4151 1236 4216 μοναῖκα

138 4218 253 4290 ἔστεψεν
277 4218 445 4290 Αίμοῦσσαν.
469 4221 506 4274 ite
528 4221 709 4291 Theophanes.
730 4238 781 4274 non
804 4218 901 4271 infitior
922 4216 1125 4289 imperatricibus
1153 4215 1235 4304 petri·

139 4291 230 4346 archas
247 4291 395 4363 inposuisse
412 4305 548 4360 cononem,
566 4288 605 4348 ite
619 4291 727 4346 munitius
746 4306 763 4344 ε
787 4287 958 4361 Theophane:
969 4352 972 4358 ¹
982 4280 1105 4358 ίσιίφθη
1122 4281 1141 4356 ἡ
1165 4285 1233 4338 Ecs-
