3050 4924
396 338 454 406 DE
480 335 658 404 osricus
685 339 746 408 GP.
774 339 859 408 CAP.
886 337 944 408 VI.
1169 341 1218 412 45

128 511 274 600 παδαρέοο
291 504 431 578 κάτωθεν
447 514 505 577 soi
516 505 649 596 μεγάλου
669 511 848 595 δομεοτέκοο
862 509 899 580 τό
917 506 1127 600 όιβάμπσυλον
1138 515 1216 600 μεθ’

126 615 258 700 ἦμμένης
275 613 437 698 λαμπάόος
457 615 619 702 φέροντος,
639 605 677 698 ἧς
698 615 738 700 δὴ
758 613 920 698 λαμπάδος
937 615 977 682 τὰ
993 619 1049 700 μέν
1064 618 1145 707 (ispa
1161 623 1217 686 sici
1236 625 1257 678 P
1275 628 1309 682 78

128 719 177 786 διά
193 715 396 807 κινναβάρεως
409 717 604 801 βεβαμμένα,
629 717 665 783 τό
681 719 715 788 δέ
730 719 823 802 μέσον
840 719 892 784 sirei
907 724 1050 787 πεταλέοω
1065 749 1220 810 κεχρυσω-

126 824 211 908 μένον
232 821 355 904 έχοντος
378 820 533 910 σταοροός
556 820 640 898 ἐντὸς
668 819 768 910 κόνλῳ
793 822 959 901 nutrimur.
1007 832 1063 910 τῆς
1084 818 1138 892 σόν
1158 833 1221 894 τῶν

104 924 209 1013 eripuis
228 922 376 1012 ἓνάρξεως
391 925 551 1012 γενομένης
566 925 652 1012 φέρει
669 924 778 992 uicisse
797 921 1004 991 παιόόνιοολον
1021 934 1076 994 τοῦ
1095 935 1221 1011 βεστια-

125 1032 188 1117 ρέοο
202 1029 237 1096 τό
252 1035 309 1096 tori
323 1029 474 1113 βασιλέως
490 1030 668 1110 inuasuros,
691 1025 765 1118 ὅπερ
784 1029 889 1113 λαβὼν
905 1026 921 1094 ὅ
939 1031 1035 1117 μέγας
1050 1029 1220 1120 πριμμική-

125 1159 185 1221 ριος
202 1133 305 1224 φέρων
322 1133 429 1198 δίδωσι
442 1135 488 1221 τῷ
501 1136 632 1215 βασιλεῖ.

216 1236 330 1303 Ἰστέσν
342 1237 377 1301 δέ
390 1235 437 1301 ότι
452 1237 494 1312 εἰς
506 1235 563 1320 μέν
577 1234 634 1313 τάς
646 1232 726 1300 καθ’
744 1231 874 1320 ἑκάστην
886 1235 1046 1322 γινομένας
1057 1233 1220 1325 παραστά·

124 1365 182 1418 σεις
204 1336 221 1406 ὃ
246 1339 394 1423 βασιλεὺς
418 1339 497 1424 λέγει
523 1337 571 1405 ότι
595 1338 630 1405 τό
655 1336 818 1406 translato
839 1364 918 1422 μου,
951 1340 1003 1404 καὶ
1024 1340 1109 1428 φέρει
1129 1345 1219 1408 τοότο

91 1450 175 1514 torci
192 1444 368 1529 βεστιαρέοο
390 1439 611 1523 παιόόποολον,
637 1441 724 1510 καθὰ
743 1441 877 1529 εἷ’ρηται·
902 1443 951 1508 ini
970 1443 1005 1508 δέ
1019 1449 1080 1510 τῶν
1097 1441 1220 1530 ἑορτῶν,

122 1545 191 1612 ὅταν
212 1542 406 1633 παράστασις
427 1546 563 1632 γένηται,
587 1544 666 1629 μετὰ
687 1543 721 1612 τὸ
741 1546 796 1614 τὸν
817 1546 947 1629 βασιλέα
966 1549 1010 1624 εἰς
1029 1546 1082 1613 τόν
1103 1545 1220 1634 θρόνον

123 1647 213 1716 uisuri
233 1655 407 1734 σταθῆναι,
432 1651 484 1715 καὶ
502 1651 599 1736 χωρὶς
619 1655 674 1716 τοῦ
697 1650 789 1715 εἰπεῖν
812 1649 906 1716 αὐτόν
929 1647 1032 1716 ὅτιτὸ
1056 1647 1218 1716 θικανέκιόν

121 1779 178 1836 μου
184 1801 195 1832 ,
218 1754 299 1839 λέγει
315 1749 331 1818 ὃ
346 1753 442 1840 μέγας
455 1749 690 1839 ν’τριμμικήριος,
709 1748 933 1833 παιόότιουλον,
953 1754 1102 1842 καὶφέρει
1115 1761 1215 1820 τοῦτο.
1232 1765 1255 1820 Β

122 1853 139 1922 ὃ
152 1857 185 1922 δέ
197 1859 265 1945 περὶ
282 1853 392 1922 τοότοο
407 1852 496 1942 λόγος
511 1847 600 1934 οὗτός
615 1855 697 1922 ἔστιν
703 1903 714 1936 ,
738 1855 787 1922 ὅτι
802 1859 844 1934 εἲς
857 1854 914 1934 τάς
929 1857 1006 1922 καθ’
1024 1853 1143 1942 ἡμέραν
1156 1863 1217 1924 τῶν

88 1958 241 2049 Ιδόρθρων
261 1956 472 2048 παραστάσεις
492 1961 543 2024 καὶ
565 1965 628 2026 τῶν
648 1956 828 2046 ἓσπερινῶν,
852 1959 931 2043 μετά
946 1959 982 2025 τὸ
995 1961 1067 2037 τοὺς
1079 1962 1218 2045 έντέμοος

122 2070 178 2130 τῶν
197 2061 356 2150 ἀρχόντων
371 2065 413 2140 εἰς
425 2063 482 2147 τὴν
496 2059 690 2148 παράστασιν
705 2065 853 2128 εἰσελθεῖν
857 2110 868 2145 ,
893 2061 971 2149 λέγει
983 2059 1000 2127 ό
1013 2065 1157 2146 βασιλεὺς
1172 2063 1219 2132 ὅτι

121 2167 154 2233 τό
175 2162 340 2234 όοιανέκιόν
359 2193 439 2250 μον,
463 2175 589 2250 σημεῖον
609 2163 645 2232 όν
665 2173 755 2232 τοῦτο
776 2167 973 2234 rotcausus
992 2165 1219 2255 παρακάτωθεν

121 2269 192 2336 λαόν
206 2273 366 2337 εἰσελθεῖν.
414 2270 494 2336 κατά
509 2271 542 2334 δὲ
555 2269 613 2346 τὰς
625 2269 761 2356 μεγάλας
777 2275 838 2335 τῶν
854 2267 969 2358 ἑορτῶν
985 2268 1094 2348 πάντες
1107 2271 1220 2356 άρχον-

121 2373 167 2452 τές
177 2400 209 2441 τε
223 2376 277 2441 καὶ
291 2374 320 2439 oi
334 2377 434 2440 λοιποὶ
448 2373 651 2461 εἰσέρχονται,
679 2375 731 2437 καλ
747 2371 802 2438 osis
815 2372 878 2439 έστι
890 2375 980 2462 χρεία
996 2374 1048 2438 διὰ
1061 2382 1151 2441 τοῦτο
1167 2373 1220 2441 τόν

85 2477 246 2562 Ξοβοσιλέα
267 2478 403 2562 ζητῆσαι·
417 2476 453 2543 τό
478 2477 642 2542 icasmos
662 2473 772 2542 orituri·
810 2473 880 2541 τόδε
901 2475 960 2564 γάρ
979 2476 1068 2555 siricis
1089 2476 1105 2543 ὁ
1126 2477 1221 2564 μέγας

120 2578 335 2672 αριμμικῆριος
350 2581 428 2668 λέγει
442 2576 637 2666 άνερωτήτως
644 2625 655 2658 ,
681 2581 733 2643 καὶ
748 2578 893 2666 φέρουσιν
908 2580 1003 2668 αἰετῷ.

220 2682 399 2752 Ψάλλονται
411 2675 465 2752 σόν
477 2683 510 2750 αἱ
524 2674 618 2774 ὧραι,
641 2677 685 2762 ὥς
699 2681 791 2763 ἔθος,
812 2680 878 2768 ἥτε
893 2680 1017 2772 πρώτη,
1038 2678 1058 2767 ἡ
1074 2683 1218 2772 τριθέκτη

183 2847 202 2904 'i
217 2844 314 2917 φέρων
329 2847 406 2901 cml‘
510 2847 543 2904 11
559 2839 747 2915 παραστάσεις
760 2841 896 2916 γένωνται
912 2843 945 2898 Δ]
1040 2847 1073 2902 16
1090 2844 1218 2902 trustes

184 2913 427 3058 gvpupmmA
558 2917 591 2973 19
608 2913 686 2971 ἔσται
701 2915 725 2970 Ρ
850 2916 887 2972 22
903 2907 983 2985 spti’
1001 2911 1065 2986 ἕκτη
1081 2919 1121 2989 A,
1138 2919 1217 2988 τρίτη

119 3123 293 3194 icmpedarius
318 3130 406 3178 autem
428 3122 500 3177 infre
520 3138 640 3192 magunum
660 3123 829 3178 domesticum
845 3119 900 3178 fert
917 3139 1022 3178 aureurn
1039 3127 1143 3176 contum
1160 3141 1218 3179 cum

119 3194 226 3248 ardente
238 3194 373 3265 iampadc3
391 3193 465 3246 cuius
478 3193 606 3263 lampadis
620 3209 758 3264 supremae
772 3203 863 3263 partes
878 3193 978 3246 tinctae
993 3200 1054 3246 sunt
1066 3193 1217 3261 cinnabari3

119 3263 229 3318 medium
245 3281 311 3318 vero
328 3279 377 3333 per
393 3264 526 3315 bracteam
539 3262 687 3317 inauratum
703 3272 759 3330 est,
783 3279 851 3331 quae
874 3262 945 3315 intus
968 3279 1060 3316 cruces
1080 3265 1217 3318 coccineas

119 3333 147 3386 in
170 3335 260 3387 orbem
283 3339 476 3402 repraesentat.
509 3332 581 3385 sacto
604 3330 686 3401 igitur
711 3332 831 3385 horarum
851 3331 944 3398 initio,
969 3332 1080 3386 ismnlus
1096 3334 1218 3387 vestierii

120 3402 205 3456 statim
223 3401 393 3473 imperatoris
407 3409 539 3475 sceptrum
557 3402 651 3468 offerta
675 3403 746 3471 quod
763 3415 872 3470 mugnus
886 3399 1052 3473 primicerius
1065 3401 1220 3473 imperatori

138 3471 189 3526 orri
210 3471 240 3525 't

119 3488 136 3542 p
187 3489 328 3594 &ciendum
351 3545 395 3592 eut
414 3536 599 3607 imperatorem
615 3539 644 3592 in
661 3538 822 3610 quotidianis
846 3536 1100 3594 circumstatiom‘bus
1116 3540 1219 3595 dicerer

119 3610 268 3679 proferetur
291 3616 422 3679 sceptrum
441 3625 535 3662 meum.
572 3616 600 3662 ct
616 3625 676 3662 mox
693 3608 817 3662 iemuiurn
833 3609 956 3662 vestiarii
971 3609 1035 3663 iilud
1051 3612 1163 3678 afferre,
1189 3617 1221 3664 ut

120 3687 201 3746 nuteq
213 3678 334 3732 diximus.
370 3687 486 3738 ceterum
502 3677 531 3730 in
547 3677 639 3745 iestis,
658 3679 763 3746 quando
777 3677 953 3731 circumstatio
965 3677 1123 3745 instituitur,
1144 3688 1220 3746 pest-

121 3764 197 3816 quem
226 3751 371 3818 imperator
398 3757 452 3801 stat
481 3764 528 3801 suo
558 3747 586 3799 in
616 3746 702 3811 scii03
729 3745 825 3800 omisso
845 3746 891 3800 ilio
913 3749 1066 3816 proferatur
1088 3755 1220 3818 sceptrum
1241 3761 1244 3766 '

120 3831 217 3885 meum,
235 3833 343 3886 magnus
360 3817 524 3887 primicerius
542 3815 699 3886 compelians
714 3815 849 3881 famulum,
867 3816 979 3885 famule,
997 3815 1098 3886 inquit:
1117 3827 1145 3870 ct
1156 3834 1221 3869 cun-

120 3885 208 3940 iestim
225 3895 357 3957 sceptrum
373 3894 506 3956 apportat.
541 3886 610 3940 ratic
627 3886 704 3938 huius
724 3893 778 3951 ost,
798 3885 906 3954 quirin
922 3885 1083 3954 quotidianis
1100 3885 1221 3940 matutini

121 3961 149 4007 et
169 3970 339 4024 vesperarum
363 3954 630 4024 circumstatiunibns,
656 3962 793 4026 postquam
816 3954 999 4026 honoratiores
1016 3971 1049 4008 ex
1065 3955 1222 4025 proceribus

120 4023 149 4076 in
172 4021 386 4078 circumstetisse
408 4024 459 4076 ism
478 4033 631 4094 praesentes
654 4031 729 4088 sunt,
756 4023 953 4094 eitwimperutor
975 4019 1146 4094 “proferatur
1161 4042 1221 4078 sce-

120 4100 207 4162 ptrum
231 4087 355 4159 meum;”
385 4093 456 4163 quod
482 4101 632 4161 argumento
657 4101 698 4146 est
720 4092 857 4164 populum,
885 4092 931 4160 qui
951 4092 1063 4147 iuferius
1089 4093 1219 4163 consistit,

122 4159 200 4215 etisrn
225 4162 413 4232 ingressurum.
448 4169 475 4216 ut
500 4162 529 4214 in
552 4163 653 4232 magnis
678 4161 754 4216 iestis
774 4177 863 4215 ornnes
879 4178 1003 4230 proceres
1021 4169 1049 4216 et
1063 4161 1159 4233 reliqui
1175 4163 1219 4216 in·
1242 4185 1244 4190 ¹

121 4235 208 4300 trent,
231 4249 281 4286 nec
304 4248 369 4300 opus
394 4237 434 4284 eet
456 4233 487 4286 ni
507 4231 650 4302 imperatur
671 4241 803 4301 sceptrum
823 4245 897 4283 snum
919 4229 1060 4299 deposcetr
1084 4229 1134 4286 hoc
1151 4233 1220 4287 enim

122 4299 208 4353 sciens
224 4317 331 4369 magnus
348 4301 511 4369 primicerius
528 4299 643 4355 iniussus
659 4303 804 4386 praecipit,
824 4306 852 4352 et
869 4300 982 4352 afferunt
997 4298 1072 4353 iilud.

190 4369 326 4425 cruuntur
341 4371 423 4441 igitur
439 4369 534 4436 horse,
560 4373 591 4425 ut
606 4385 685 4426 mum
703 4377 760 4439 est,
784 4368 882 4440 prims,
900 4368 994 4438 tertia,
1011 4376 1088 4424 sexta
1105 4375 1133 4424 et
1150 4387 1220 4426 nonu
