3050 4924
295 287 343 396 no
610 283 758 354 οοοιοι
783 281 1077 362 αιοοοειοτιο

293 463 434 546 ζητεῖται.
483 459 516 525 αἱ
530 452 656 540 κδλτζαι
668 457 719 527 καλ
732 455 773 522 roi
785 451 969 541 ἀποδῆματα
982 453 1120 545 ἧεράνεα.
1164 454 1284 539 ,ὁμοίιος
1302 458 1352 522 καὶ
1372 455 1395 540 ἦ

293 565 386 632 uitio
405 559 445 630 τό
467 588 500 628 τε
520 567 577 638 τοῦ
596 560 789 649 κοπριτορίου
812 562 863 650 καὶ
887 565 943 626 τοῦ
962 559 1185 628 ἓπανωσιιεπόου
1201 561 1253 626 καλ
1269 556 1289 644 ἡ
1304 559 1394 626 etna

154 677 156 682 ’
253 681 278 738 Ι)
295 668 390 734 αάτοῦ
403 665 495 749 ὅμοια
510 661 562 732 οἶα
576 667 628 730 καλ
643 661 664 748 ἡ
677 669 734 730 τοῦ
747 659 1044 752 οεβαστοιιράτορος,
1062 662 1143 748 μετὰ
1150 664 1285 752 χαρτίον
1297 661 1393 751 ἠερο-

293 771 370 836 νόαιν
392 769 463 834 ἀνευ
490 769 595 835 ἀετῶν.
645 764 757 847 πεζεόει
773 766 811 851 δὴ
828 767 878 832 καὶ
894 757 982 845 οὗτος
999 767 1083 846 ἐντὸς
1099 773 1154 852 τῆς
1169 773 1224 833 τοῦ
1241 768 1393 834 παλατίου

294 874 391 958 αὐλῆς
407 873 533 956 πλησίον
550 861 587 937 οὗ
601 865 617 936 ὃ
631 867 884 958 σεβαστοκράτοιρ
899 867 1022 950 πεζεόει.
1400 886 1418 940 5

398 975 462 1040 Τὸν
488 973 591 1058 μόντοι
618 970 768 1058 δεσπότην
791 971 965 1062 ἔμπροσθεν
990 978 1047 1040 τοῦ
1074 971 1226 1056 βασιλέως
1249 976 1396 1038 καλοῦσιν

296 1076 393 1155 οὕτως
408 1074 527 1157 ἅπλῶς,
553 1074 685 1146 δόσποτά
696 1103 774 1162 μου,
805 1075 857 1142 καὶ
870 1073 890 1160 ἧ
905 1077 1046 1162 βασιλεία
1062 1101 1130 1143 σου.
1180 1075 1283 1150 τδνδὲ
1298 1081 1395 1158 σεβα-

293 1178 503 1269 οτοιιράτορα,
528 1179 662 1247 δόσιιοτά
683 1205 745 1265 μου
769 1176 1031 1269 σεβαστόκρατορ,
1056 1182 1108 1246 καὶ
1128 1175 1149 1264 ἡ
1168 1179 1310 1262 βασιλεία
1326 1202 1397 1245 σου.

293 1284 347 1350 τὸν
367 1286 513 1378 Καίσαρα
529 1288 585 1348 οιαὶ
607 1289 725 1364 τοῦτον,
750 1279 882 1350 δέσποτό
899 1307 961 1367 μου
981 1286 1106 1372 Καῖσαρ
1113 1330 1125 1364 ,
1150 1285 1201 1348 καὶ
1218 1279 1396 1368 ἧβασιλεία

293 1411 362 1469 σου,
388 1387 490 1475 ὥσπερ
504 1389 556 1452 καὶ
568 1386 620 1453 τὸν
632 1382 910 1474 σεβαοτοιιράτορα.
1404 1403 1436 1460 10

400 1490 523 1556 Ελδέναι
537 1490 570 1556 δὲ
584 1493 635 1556 δεῖ
646 1488 692 1558 ότι
710 1493 736 1556 εἰ
751 1487 844 1578 δεήσῃ
861 1488 1014 1576 ἀνενέγκαι
1025 1489 1094 1556 τινά
1108 1493 1169 1556 ταῖν
1183 1483 1338 1577 ἀρχόντων
1351 1490 1400 1574 τῷ

204 1609 229 1664 Ρ
246 1607 281 1666 tr
297 1599 423 1680 βασιλεῖ
433 1619 463 1660 τι
481 1589 558 1660 ὥστε
577 1596 628 1659 καλ
649 1600 705 1660 τοῦ
726 1590 875 1678 ὀνόματος
897 1599 953 1661 τοῦ
972 1591 1120 1660 δεσπότου
1141 1597 1317 1676 μνησθῆναι
1322 1637 1333 1671 ,
1354 1586 1398 1654 “i

276 1737 278 1743 ·
296 1693 542 1774 αάθεντόπουλός
558 1695 643 1781 μοο”
669 1698 762 1784 λέγει,
779 1693 820 1762 “i
834 1693 901 1774 υἱός
913 1721 969 1764 σου
985 1693 1001 1762 ὃ
1019 1692 1199 1779 δεσπότης.”
1229 1697 1255 1760 εἰ
1271 1694 1304 1758 δὲ
1318 1690 1399 1779 πρὸς

288 1799 448 1894 ἀλλήλους
459 1798 604 1887 ἄρχοντες
616 1796 785 1884 ὅμιλοῦσιν,
808 1797 1031 1885 μνημονεύουσι
1046 1797 1167 1878 τοότοο,
1188 1794 1228 1864 “ὁ
1247 1792 1399 1862 αάδεντό-

294 1901 409 1980 ποολός
422 1903 507 1986 μας”
534 1905 673 1990 λέγουσιν
694 1900 733 1970 “i
751 1901 933 1989 δεσπότης.”
987 1903 1025 1969 ἀν
1042 1904 1074 1968 δὲ
1090 1900 1192 1989 ἀρχων
1208 1897 1301 1966 πόλιν
1315 1898 1396 1984 μετὰ
1405 1921 1436 1978 15

293 2004 461 2094 ἀνθρώπου
482 2013 538 2072 τοῦ
562 2004 710 2074 δεσπότου
732 2003 825 2095 ὁμιλῇ
830 2055 841 2087 ,
867 2011 894 2074 εἲ
913 2007 967 2092 μὲν
981 2003 1134 2089 βούλοιτο,
1160 2004 1236 2090 λέγει
1256 2001 1398 2069 “aritien-

292 2106 442 2186 τόποολός
464 2135 525 2192 μου
544 2107 563 2180 ,ὃ
588 2107 779 2194 δεσπότης·”
807 2113 834 2176 εἰ
851 2111 885 2176 δὲ
902 2113 954 2178 καὶ
977 2108 1017 2174 “ὃ
1039 2108 1190 2192 αὐθέντης
1203 2106 1289 2191 μας”’
1317 2105 1399 2172 εἶ’τιοι

287 2209 328 2278 “ὃ
344 2211 514 2296 δεοπότης”
538 2212 590 2279 διδ
603 2217 728 2280 πλείονα
742 2211 849 2298 τιμήν,
875 2215 912 2280 οὗ
926 2211 1083 2280 κοιλόεται.
1134 2209 1172 2276 ἀν
1187 2211 1220 2276 δὲ
1234 2206 1326 2276 πόλιν
1340 2208 1398 2274 ἀν-

294 2322 423 2403 θρωττοι
438 2322 494 2382 τοῦ
510 2313 656 2385 δεσπότου
673 2316 767 2404 δεήσῃ
786 2317 949 2403 ἀνενεγκεῖν
970 2323 1014 2407 τῷ
1031 2320 1156 2398 βασιλεῖ
1174 2311 1250 2382 ὥστε
1268 2315 1320 2379 καὶ
1338 2319 1399 2380 τοῦ

295 2416 446 2503 ὀνόματος
462 2425 518 2485 τοῦ
535 2420 686 2486 αάδόντου
704 2421 800 2487 αὐτοῦ
811 2427 997 2506 μνησθῆναι,
1024 2419 1081 2502 οάχ
1096 2415 1137 2483 “oi
1154 2413 1438 2497 αάδεντόπουλόςηο
1455 2485 1456 2488 ,

174 2577 179 2591 .
257 2539 280 2595 Β
294 2523 380 2608 rotav'³
404 2525 482 2609 λέγει
496 2521 516 2607 ἢ
535 2520 574 2589 “i
593 2523 743 2611 αάδέντης
754 2549 815 2607 μου
832 2522 848 2588 ὁ
863 2523 930 2602 υἱός
942 2521 1035 2603 οου,”
1062 2521 1134 2588 ἀλλ’
1157 2517 1198 2586 “i
1215 2517 1320 2607 κύριός
1334 2545 1399 2604 μου

293 2624 310 2694 ὅ
326 2623 393 2706 υἱός
406 2649 462 2694 σου
478 2622 494 2692 ὃ
511 2625 693 2714 δεσπότης.”
745 2629 845 2694 καίτοι
864 2653 898 2714 γε
913 2622 1143 2712 ταυτοδόναμόν
1164 2625 1244 2696 ἔστιν
1261 2621 1277 2688 ὅ
1291 2621 1400 2714 κύριός

363 2819 598 2893 διαρταρλοιοδ
669 2823 698 2880 7.
716 2823 744 2880 8.
762 2824 797 2879 10
816 2823 880 2892 σου]
897 2816 990 2878 nitori
1007 2821 1031 2876 P
1105 2821 1141 2879 14
1155 2816 1399 2893 μνημονεύοντεςλ

294 2992 442 3064 quaeritur.
477 2993 579 3064 caligae
593 2998 621 3049 et
634 2993 717 3050 oeloei
732 2993 830 3050 caesio.
864 2993 1018 3064 parimodo
1035 2993 1115 3063 aelle,
1136 2993 1346 3066 coopertorium,
1369 2998 1401 3048 et

294 3073 418 3132 tegumen
435 3063 506 3132 quod
522 3083 603 3134 enpra
619 3066 718 3135 sellam,
743 3073 771 3119 et
787 3065 928 3120 tentorium
945 3066 1002 3118 eius
1020 3063 1181 3118 conveniant
1200 3082 1258 3118 oum
1275 3065 1401 3118 eebaeto·

295 3141 414 3198 oratore;
431 3132 579 3188 interiectis
595 3135 703 3188 eontulie
721 3134 864 3202 quadratis,
882 3135 930 3190 eed
948 3134 1007 3188 eine
1024 3133 1130 3204 aquilia.
1150 3152 1183 3187 ex
1200 3151 1268 3206 equo
1285 3133 1400 3187 deenen-

294 3203 336 3258 dit
352 3210 380 3256 et
395 3201 448 3256 iate
464 3202 536 3258 intra
552 3203 637 3258 aulem
653 3203 748 3276 palatii
763 3203 798 3258 iia
813 3203 879 3258 looie
895 3204 990 3274 quibus
1007 3209 1036 3258 et
1050 3206 1246 3258 eebaetoorator
1262 3201 1362 3257 nestit.

363 3305 507 3376 Despotam
530 3323 618 3360 eoram
640 3303 800 3376 imperatore
822 3305 861 3360 eio
879 3305 1034 3379 eimplioiter
1051 3306 1199 3378 appellant,
1225 3306 1336 3379 despota
1352 3303 1399 3372 mi,

294 3379 322 3428 et
341 3375 463 3429 maiestas
481 3384 536 3429 tna.
572 3377 807 3432 sebastooratorem
833 3393 916 3447 vero,
946 3375 1050 3430 domine
1074 3377 1110 3428 mi
1135 3377 1345 3444 eebaetoorator,
1369 3383 1400 3428 et

294 3445 418 3498 maiestas
433 3452 491 3502 tua.
528 3444 669 3500 Caesarem
687 3464 776 3517 porro,
793 3445 899 3499 domine
916 3446 953 3500 mi
970 3446 1078 3515 Caesar,
1099 3450 1127 3500 et
1142 3444 1266 3500 maiestas
1281 3451 1345 3515 tua,
1363 3443 1399 3500 ad

295 3530 354 3568 eum
370 3513 472 3580 modum
488 3530 540 3584 quo
560 3515 757 3570 sebeetoerotor
771 3515 951 3586 compellatur.

286 3658 289 3662 ,
360 3615 437 3670 Soire
455 3623 576 3686 oportet,
601 3617 625 3670 ei
642 3617 702 3688 quie
720 3636 753 3673 ex
770 3620 926 3688 prooe'ribue
946 3617 1047 3688 aliquid
1068 3616 1224 3688 imperatori
1239 3617 1342 3672 referet
1357 3613 1399 3670 ita

292 3689 322 3738 ut
339 3683 466 3755 despoton
483 3686 579 3740 mentio
596 3687 719 3742 faciende
737 3687 789 3757 eit,
816 3705 874 3742 enm
898 3695 962 3742 tuno
986 3688 1026 3742 uti
1049 3687 1099 3740 heo
1124 3686 1251 3742 formulae
1277 3684 1399 3740 doninus

291 3753 390 3808 domini
408 3755 459 3808 mei
474 3755 562 3823 filine,
588 3757 659 3810 filins
676 3764 737 3811 tane
754 3757 876 3827 despota.
911 3757 936 3810 ai
951 3775 1015 3812 vero
1031 3773 1158 3839 prooeree
1175 3765 1264 3810 mutuo
1280 3755 1352 3808 inter
1369 3772 1400 3808 ee

291 3821 421 3894 colloquio
439 3824 605 3878 meminerint
621 3826 757 3896 despota,
775 3833 828 3880 tum
846 3826 953 3880 dicant:
971 3826 1089 3879 dommus
1102 3836 1193 3882 noster
1203 3823 1303 3880 domini
1313 3823 1400 3877 nostri

290 3891 360 3945 filine
376 3893 497 3963 despota.
533 3893 558 3948 ei
580 3894 640 3977 quie
664 3913 802 3966 proceram
825 3913 882 3950 oum
900 3895 988 3964 aliquo
1007 3913 1040 3950 ex
1056 3895 1157 3950 familie
1172 3897 1300 3964 despotne
1316 3891 1398 3947 eollo-

290 3971 403 4032 qnatur‚
427 3963 451 4015 ei
471 3961 550 4030 velit,
571 3963 662 4017 dacore
678 3971 785 4034 poteet,
805 3965 924 4022 deminuo
942 3963 1042 4018 domini
1057 3966 1109 4018 mei
1129 3964 1199 4018 filius
1217 3963 1339 4033 despota.
1374 3961 1399 4016 ei

291 4033 326 4084 ob
345 4031 468 4086 maiorem
484 4032 660 4086 reverentiam
676 4033 767 4088 dioere
783 4033 848 4088 velit
866 4032 985 4088 dominun
1003 4040 1094 4088 noster
1110 4032 1235 4104 despota,
1263 4050 1316 4087 non
1332 4048 1398 4103 pro-

291 4099 407 4155 hibetur.
442 4108 558 4156 ceterum
582 4102 607 4155 ei
633 4118 709 4172 quern
728 4121 762 4158 ex
778 4101 878 4158 familia
896 4104 1024 4174 deepotae
1041 4103 1141 4172 aliquid
1158 4104 1191 4158 ad
1212 4103 1397 4185 imperatorem

291 4170 396 4224 reterre
411 4170 562 4240 contingat,
574 4177 616 4232 ,nt
632 4189 741 4227 neoeeee
757 4172 854 4226 hebeat
871 4171 971 4226 domini
989 4179 1017 4226 et
1033 4171 1093 4226 heri
1109 4173 1152 4226 eui
1169 4171 1337 4226 monitronem
1353 4169 1397 4223 in-

291 4237 383 4307 iicere,
401 4256 455 4298 non
469 4239 671 4312 dictabantur
686 4259 758 4300 meua
776 4240 820 4296 vel
836 4241 915 4298 herus
931 4258 1013 4311 mene,
1031 4250 1092 4296 tane
1105 4242 1188 4295 filinae
1212 4242 1261 4298 aed
1275 4238 1396 4294 dominun

291 4323 383 4378 mena,
400 4307 563 4379 tiltentona,
581 4310 704 4382 despota.
739 4327 887 4385 quanquam
904 4311 974 4369 idem
991 4312 1081 4370 velent
1094 4311 1188 4384 kyrion
1205 4311 1243 4383 (ι.
1261 4309 1396 4378 dominus)
