3034 4916
469 333 676 403 INGODINI
690 335 773 404 CAP.
797 335 904 404 XVII.
1167 341 1241 410 353

144 497 275 552 Pucennm
291 513 326 550 ex
343 512 375 550 ec
391 495 568 566 imperatorem
584 497 766 552 irreverentius
781 498 880 567 egisse,
904 496 972 570 quod
995 497 1134 554 'l'beotioro
1157 501 1241 570 Styp-

144 566 231 636 piotae
244 565 352 618 caniciei
369 566 517 619 contulisset
534 567 661 636 officium,
686 584 717 620 ac
734 586 765 622 ec
788 577 923 638 praesente
947 568 1113 623 iuramentum
1131 587 1178 637 pro
1192 573 1240 624 im·

143 635 217 706 perio
235 635 411 720 consequendo
428 634 546 689 demere
564 642 742 706 nuncupasset
766 639 845 691 verba
870 639 925 691 eius
950 644 1025 690 sunta
1049 633 1152 692 ούκούν
1168 634 1241 693 κατά

144 702 263 770 καρδίας
280 695 378 770 ἕτερον
394 697 513 759 ἀνταίαν
528 699 636 773 πληγὴν
653 699 772 774 εἰληφός
791 699 806 760 ὁ
826 704 964 775 δηλωθελς
982 704 1134 776 λογοθέτης
1145 701 1174 761 ἐκ
1190 709 1242 762 τού

143 772 186 840 coi
201 768 364 842 Σιυπειότῃ
388 772 515 826 δοθ”ναι
535 773 649 842 δογεῖον
670 769 867 839 έρυθροδάνου
886 772 1018 828 διάλιθον
1042 771 1174 845 χρύσεον,
1191 775 1241 830 καὶ

142 844 205 902 τοῖς
221 835 316 909 ὅρκοις
333 842 434 894 τοῦτον
448 791 627 896 intucor-'oar
644 839 716 896 κατά
735 836 786 896 τόν
807 839 839 898 έν
862 839 1028 912 Βλαχέρνοιις
1050 840 1137 913 μέγαν
1160 843 1241 910 νεών,

145 906 174 962 οἳ
190 903 243 976 τὴν
258 911 309 962 τού
325 903 445 975 κράτους
460 910 598 980 διαδοχην
616 905 767 967 ένεπέδουν
789 907 891 984 Ἄλεξίῳ
915 912 963 966 καλ
987 913 1024 982 τῇ
1048 913 1170 981 θυγατρὶ
1190 915 1242 967 τοῦ

145 972 277 1047 βασιλέως
293 979 407 1052 Μαρίᾳ,
432 971 453 1033 ἀ
470 979 511 1051 τῷ
526 981 697 1052 λογοθετιιιγῖ
713 979 860 1051 δήπουθεν
876 976 998 1053 όφφικίῳ
1015 971 1088 1050 ἦσαν
1105 975 1237 1052 ἀρμόδια.

213 1106 239 1157 ρ.
250 1089 286 1144 86
293 1105 321 1142 r.
335 1091 376 1144 12
394 1083 410 1141 ό
428 1088 519 1158 δεῖνα]
538 1088 626 1142 verbis
642 1089 699 1142 istis
713 1089 842 1143 cinnabari
861 1091 933 1161 pictis
946 1091 1059 1144 eiusdem
1076 1089 1170 1146 coieris
1187 1099 1241 1146 trec

146 1171 237 1210 cruces
253 1157 497 1226 praemittebantur,
518 1158 550 1210 de
568 1158 660 1227 quibus
678 1159 850 1230 Theophanes
871 1161 896 1211 in
918 1159 1006 1213 isauro
1024 1159 1122 1214 Leone:
1147 1155 1241 1212 έπιλα-

143 1223 267 1294 θόμενος
282 1221 315 1279 τό
334 1223 483 1294 ίδιόχειρον
502 1221 519 1280 ὃ
537 1223 679 1312 ἐποίησεν,
695 1226 744 1281 καλ
760 1223 810 1282 τόν
827 1223 948 1296 σταυρόν
965 1223 998 1282 δν
1014 1224 1131 1296 ἔπηξεν,
1146 1226 1196 1281 καὶ
1213 1223 1244 1280 oi

144 1289 196 1348 σόν
213 1288 301 1365 αύτῷ.
320 1302 347 1348 et
362 1295 444 1348 infra:
466 1313 666 1362 καταπατησας
682 1290 734 1365 τὴν
752 1289 854 1351 ἑαυτοῦ
871 1296 1026 1365 συνείδησιν
1042 1297 1091 1350 καλ
1101 1292 1242 1365 ἀθετήσας

144 1359 196 1416 τόν
207 1357 327 1430 σταυρόν
337 1361 387 1417 καλ
404 1358 456 1432 τὴν
470 1359 629 1435 ἐπιγραφὴν
641 1359 677 1434 ἣν
693 1359 829 1434 ἐποίησεν,
848 1366 928 1420 idem:
946 1363 1025 1421 Λέων
1039 1362 1243 1432 παρεσκεύασεν

144 1429 247 1494 ἀλλους
262 1431 349 1500 πῆξαι
365 1428 502 1500 σταυροὺς
519 1429 592 1488 κατά
609 1428 661 1504 τὴν
679 1429 828 1504 ἀληθειαν.
845 1435 952 1488 iterum:
978 1429 1061 1496 αύτός
1077 1430 1243 1521 εύλαβηθελς

143 1499 231 1570 πῆξαι
248 1496 369 1569 σταυρόν
386 1497 434 1556 aaa
450 1498 482 1557 τό
501 1500 638 1572 πρότερον
652 1500 878 1573 καθυπογράφαι
889 1498 920 1557 έν
930 1505 970 1576 τῷ
981 1500 1132 1575 βασιλεύειν
1144 1499 1242 1558 αυτόν.
1331 1541 1333 1546 -

144 1576 173 1623 at
188 1588 239 1622 non
254 1569 329 1632 huius
345 1571 419 1624 modo
436 1570 588 1637 iusiurandi,
607 1572 651 1625 sed
669 1579 696 1624 et
713 1573 840 1638 cuiusvis,
857 1590 920 1626 crux
937 1573 1041 1643 appicta
1057 1573 1106 1626 fuit
1123 1573 1243 1625 indicium

144 1646 173 1690 et
190 1638 354 1694 confirmatio.
384 1640 439 1691 Leo
462 1641 649 1695 Grammaticus
672 1641 698 1693 in
721 1643 847 1695 Michaelc
870 1642 1009 1712 Theophili
1032 1641 1068 1694 ii:
1095 1659 1158 1711 γενο
1180 1637 1245 1710 ε’νης

145 1701 178 1760 δέ
196 1702 444 1774 τῆςπροελεύσειος
465 1705 505 1769 είς
527 1704 563 1762 τά
585 1707 790 1776 χαλκοπράτεια
810 1709 862 1762 τού
885 1705 1093 1779 εόαγγελισμού,
1116 1659 1177 1765 καί
1192 1713 1242 1779 τῆς

148 1770 262 1828 είσόδου
286 1772 449 1843 γενομένης,
472 1772 521 1828 καὶ
549 1778 602 1829 τού
626 1771 784 1844 εὐαγγελίου
808 1773 999 1846 τελεσθέντος,
1024 1771 1148 1846 ἀνῆλθεν
1172 1773 1191 1833 ό
1212 1796 1242 1832 τε

144 1839 318 1912 πατριάρχης
335 1841 441 1906 Φώτιος
455 1841 504 1895 καὶ
528 1838 544 1896 ti
570 1841 695 1914 βασιλεύς
716 1840 767 1897 σύν
782 1845 823 1916 τῷ
839 1844 959 1910 Καίσαρι
974 1842 1023 1898 καλ
1040 1845 1171 1918 Βασιλείςο
1188 1863 1243 1899 πα·

146 1909 344 1980 ρακοιμωμένῳ
360 1907 390 1963 έν
406 1914 466 1972 τοῖς
480 1908 696 1982 κατηγουμὲνοις
715 1913 869 1982 (porticibus
890 1914 1084 1983 circumquaque
1107 1915 1135 1967 in
1158 1915 1243 1968 eccle-

145 1980 210 2032 siam
233 1980 480 2050 prospectantibus),
504 1983 555 2035 cori
576 1979 749 2050 πατριάρχου
771 1977 818 2036 dni
839 1985 934 2052 χεῖρας
958 1969 1070 2052 έχοντος
1091 1979 1124 2036 τό
1150 1983 1241 2052 τίμιον

146 2050 224 2116 σῶμα
240 2048 288 2102 καλ
305 2045 374 2116 αἷμα
390 2050 443 2103 τού
459 2050 556 2119 κυρίου
572 2048 651 2135 ημῶν
672 2045 774 2118 ’Iocari'
787 2052 923 2118 Χριστοῦ·
947 2050 994 2106 καλ
1020 2048 1160 2125 βάψαντες
1177 2049 1195 2105 ό
1210 2069 1241 2106 τε

148 2114 274 2188 βασιλεὺς
290 2115 338 2171 καλ
355 2111 370 2170 ὁ
389 2118 531 2182 Βασίλειος
546 2138 611 2181 τους
626 2120 732 2189 τιμίους
747 2115 914 2188 ὑπέγραψαν
928 2119 1082 2190 στανρούς,
1100 2117 1174 2190 ὅρκφ
1194 2121 1240 2192 βε-

148 2186 294 2257 βαιοῦντες
310 2181 360 2240 τόν
375 2185 504 2256 Καίσαρα
520 2182 635 2260 ἀφόβως
650 2188 825 2254 συνεξελθεῖν
836 2184 891 2257 ’μετ’
905 2185 997 2243 αότιόν
1013 2184 1044 2242 έν
1059 2191 1099 2263 τῷ
1114 2190 1239 2260 ταξιδίῳ.

147 2255 192 2324 qui
209 2256 375 2308 iuramentum
392 2273 468 2309 cruce
487 2258 612 2310 firmatum
633 2259 761 2325 violabat,
786 2266 856 2311 tetra
873 2256 1070 2322 σταυροιτάτου
1091 2260 1241 2312 inurebatur

148 2328 224 2387 nota,
249 2324 282 2377 de
305 2341 356 2392 qua
379 2341 426 2378 nos
450 2329 573 2394 quaedam
597 2327 624 2378 in
648 2327 801 2380 cedrenum.
821 2327 846 2379 in
869 2323 1080 2396 σταυροιτάτας,
1100 2327 1241 2380 huiusmodi

146 2393 279 2446 foederum
302 2392 422 2447 videlicet
451 2403 479 2449 et
507 2395 647 2448 iusiurandi
675 2396 825 2466 interposita
850 2413 926 2449 cruce
951 2396 1103 2462 violatores,
1129 2397 1240 2448 divinum

146 2478 238 2514 numen
254 2468 444 2532 provocaturos
458 2481 486 2517 se
502 2465 627 2534 putabant
644 2463 759 2516 iniuriam
773 2463 857 2533 passi,
879 2480 936 2517 cum
952 2465 1043 2517 tabuiis
1060 2481 1136 2518 cruce
1153 2466 1240 2517 firma-

145 2530 180 2584 tis
197 2547 228 2583 ac
241 2530 338 2582 irritam
355 2547 445 2600 pacem
464 2533 687 2654 promittentibus,
710 2534 743 2585 de
766 2540 841 2584 conto
865 2533 1011 2602 suspensis,
1033 2533 1060 2585 in
1083 2523 1240 2600 foedifragos

146 2599 224 2652 ducto
248 2601 363 2652 exercitu
385 2618 463 2669 proce
481 2601 567 2658 ebant.
609 2602 765 2654 Andronicus
789 2602 885 2666 iunior,
910 2601 1036 2671 scriptore
1061 2601 1239 2654 cantoennenc

146 2670 165 2722 2
181 2670 214 2732 3,
230 2669 310 2721 hocce
327 2669 455 2723 facturum
471 2671 569 2740 perfido
586 2671 732 2724 Moesorum
750 2670 858 2740 principi
874 2670 995 2724 minaturc
1013 2666 1064 2724 ίάν
1078 2666 1111 2723 δὲ
1121 2666 1159 2740 μὴ
1171 2665 1243 2722 ἀπο-

147 2736 220 2808 διδῷ
240 2731 272 2790 τό
295 2734 434 2824 πόλισμα,
455 2734 507 2793 τόν
528 2735 663 2806 σταυρόν,
683 2733 717 2794 ὃν
741 2735 877 2806 πρότερον
900 2736 1030 2808 πέπομφε
1052 2735 1123 2802 πρὸς
1146 2735 1241 2806 αὐτόν,

146 2799 193 2858 tat
210 2806 260 2873 τῆς
274 2808 393 2874 σημαίας
416 2805 533 2871 αναθελς
552 2801 689 2861 ἐλεύσεται
709 2801 750 2862 ἐπ’
771 2802 868 2865 αύιόν.
893 2815 920 2860 et
935 2808 1017 2862 iufra:
1041 2808 1093 2861 σού
1108 2801 1140 2861 δέ
1159 2803 1243 2866 οὐδὲν

146 2867 267 2934 ἐπιεικές
283 2871 522 2945 ἀποκρινομένου,
546 2878 581 2948 τῇ
601 2877 654 2930 τού
669 2878 792 2944 σταυρού
808 2873 923 2944 δυνάμει
940 2879 1072 2946 θαρρῶν,
1099 2871 1135 2930 δν
1158 2872 1244 2940 αύτός

147 2937 284 3013 ἐγγυητὴν
300 2939 362 3012 έμολ
378 2941 517 3014 παρέσχου
534 2948 585 3000 τού
600 2941 739 3015 μηδέποτε
756 2947 1006 3014 παρασπονδῆσαι,
1029 2947 1183 3016 βαδιοῦμαι,
1196 2939 1243 2998 ε’πλ

147 3009 185 3064 σε’.
206 3013 255 3064 hoc
273 3013 340 3065 idem
358 3014 481 3067 Saraceni
498 3016 567 3086 priua
583 3024 690 3083 egerant
711 3015 851 3067 Iustiniano
879 3016 1042 3068 Rhinotmeto
1068 3015 1144 3068 fidem
1161 3015 1243 3068 viola-

146 3087 199 3131 tam
216 3084 412 3150 exprobrantes:
430 3082 479 3136 καλ
494 3080 715 3154 μαρτυρούμενοι
732 3082 780 3136 καλ
803 3077 942 3138 τὸνθεόν
964 3077 1111 3153 ἐκδικητὴν
1136 3078 1242 3137 τούτων

145 3147 383 3220 προκαλούμενοι,
405 3147 455 3206 τόν
478 3155 527 3222 τῆς
550 3149 662 3222 είρήνης
693 3148 833 3221 ἔγγραφον
861 3148 968 3222 χάρτην
997 3147 1044 3204 tut
1069 3151 1242 3220 φλαμουλίοο

145 3214 331 3336 ηρεμάσαντες
351 3216 400 3273 καλ
421 3219 592 3293 προάγοντες
613 3215 685 3276 κατά
715 3223 770 3275 τῶν
789 3218 935 3290 Ῥωμαίων
959 3215 1099 3289 ὥρμησαν.
1126 3221 1164 3274 ita
1188 3222 1242 3274 Ce-

180 3301 253 3339 enus.

230 3375 268 3436 ib.
287 3395 313 3431 v.
332 3375 381 3436 13.
416 3376 512 3460 οίκείγι
532 3377 606 3456 χειρὶ
627 3375 784 3458 προέταξε.
828 3373 907 3437 σύτο
933 3372 988 3455 μὲν
1013 3372 1031 3438 ό
1039 3426 1043 3436 .
1060 3372 1244 3456 στεφόμενος

147 3459 200 3532 (sic
213 3459 287 3516 enim
299 3459 386 3518 babet
400 3460 470 3518 alter
485 3464 572 3520 codex
585 3463 687 3521 Boione
702 3469 732 3521 et
745 3459 963 3540 Lautherianus)
975 3465 1029 3540 τῆς
1044 3460 1152 3524 ἑαυτοῦ
1166 3485 1244 3541 προ*

146 3541 268 3606 τάσσων
283 3540 442 3626 όμολογίας
454 3541 574 3626 γράφει.
617 3547 728 3604 Iunius:
747 3550 859 3624 propn‘o
875 3565 954 3606 manu
965 3549 1113 3626 praepinioi.
1150 3550 1189 3604 sic
1199 3549 1243 3604 in-

147 3630 240 3688 scribit
254 3632 449 3706 ηαίσοιοιιολκι
463 3636 520 3703 ert,
537 3633 697 3708 praestatem
715 3631 898 3709 confossiones
913 3650 998 3693 mom.
1040 3631 1150 3708 inepte:
1174 3623 1244 3704 quid

147 3715 223 3773 enim
235 3712 296 3771 vult
312 3714 365 3771 sibi
375 3714 429 3774 hoc
435 3715 580 3794 μιαιγῖκίυλ
592 3721 618 3774 et
629 3716 808 3793 praefiniens?
848 3723 941 3777 verte:
963 3717 1027 3774 iaec
1041 3718 1148 3792 propria
1162 3734 1245 3774 mana

144 3803 321 3879 praecopii,
350 3819 401 3857 seu
419 3800 573 3878 confessioni
584 3801 654 3878 fidei
672 3820 744 3858 meae
760 3804 893 3878 μταιιοίεί.
934 3802 973 3860 ad
993 3799 1067 3857 hunc
1086 3799 1200 3855 niodum
1219 3800 1244 3856 is

147 3885 197 3959 qui
211 3890 360 3942 coronatus
374 3883 431 3963 (vel
446 3886 541 3965 potius
562 3885 739 3962 emanandas)
753 3891 815 3961 est,
834 3885 977 3964 propriam
993 3900 1073 3942 suam
1093 3883 1245 3968 confessio-

147 3987 212 4027 nem
226 3970 444 4049 praescriptione
462 3974 492 4027 et
511 3971 724 4048 praenotatione
745 3971 864 4029 nominis
885 3976 915 4028 et
939 3969 1084 4045 dignitatis
1098 3986 1166 4026 suae
1178 3969 1246 4027 insi-

147 4053 219 4131 gnit.
246 4055 314 4112 haec
328 4047 401 4113 enim
423 4056 663 4133 praescribebant:
686 4054 705 4119 ό
719 4057 802 4119 δεῖνα
817 4055 849 4118 έν
865 4059 982 4140 Χριστῷ
995 4057 1037 4138 τῷ
1058 4059 1121 4138 θεῷ
1140 4050 1246 4129 πιστός

149 4136 288 4220 βασιλεύς
301 4139 351 4202 καὶ
366 4135 557 4221 αύιοκρόταρ
578 4143 673 4224 οἰκεία
692 4140 766 4221 χειρὶ
788 4138 944 4217 προέταξε.
987 4144 1018 4197 et
1031 4138 1095 4196 huic
1108 4145 1247 4226 προταγῇ

148 4227 303 4302 respondet
317 4219 462 4306 ύποταγή,
471 4227 633 4305 subscriptio,
647 4229 683 4285 de
692 4245 749 4302 qua
759 4224 890 4302 Curopal.
903 4243 931 4303 p.
940 4225 980 4288 87
994 4245 1020 4284 v.
1031 4226 1085 4288 17:
1100 4221 1162 4288 όδὲ
1171 4247 1246 4305 προ-

149 4309 268 4370 τάσσυν
288 4315 378 4374 τοῦτο
400 4304 474 4372 oriri
489 4305 580 4371 πάλιν
595 4311 646 4375 καλ
661 4307 735 4391 μετά
748 4307 806 4389 την
818 4314 872 4389 τῆς
886 4311 1012 4382 πίστεως
1027 4309 1147 4374 ἔκθεσιν
1166 4307 1245 4372 ύπο·

193 4399 287 4455 Codin.
300 4403 452 4473 Goropciot·
468 4404 500 4458 dc
515 4403 591 4472 Offic.
999 4395 1040 4457 23
1139 4472 1142 4477 .
