2968 4924
343 275 403 346 DE
427 271 607 343 omens
631 271 692 344 GP.
714 275 801 349 cta.
824 275 908 346 XX.
1116 276 1189 350 105

100 441 238 533 τριάρχης
251 453 466 532 χειροτονείτω
481 441 585 530 μόνον,
607 441 700 532 lusici
713 451 770 514 soii
781 445 934 532 βασιλίιος
946 441 1115 538 πράβλησις
1128 449 1195 518 άντλ

100 556 150 634 τῆς
161 555 272 635 μικράς
289 551 434 636 λογίζεται
452 549 632 637 σφραγῖδος.

191 644 324 736 Ὁμοίως
339 653 390 717 καὶ
412 645 656 737 ἀπαραλλάκτως
671 652 781 738 γίνεται
802 649 853 716 καί
874 643 895 736 ᾗ
918 659 980 719 τῶν
1001 649 1111 740 ἓτίρων
1133 681 1194 720 πα-
1212 661 1236 716 G

100 761 248 841 τριαρχῶν
261 754 445 841 αρ’άβλησις,
475 761 530 820 τοῦ
555 781 586 822 τε
607 751 850 842 Ἀλεξανδρείας,
874 762 931 822 toi
947 745 1128 840 Ἀντιοχείας
1144 761 1196 827 καί

80 854 389 942 οτοτλἾεροσολτίμων,
415 857 495 956 άλλιλ
515 859 553 942 δὴ
575 861 626 924 καλ
648 865 703 924 τοῦ
726 855 964 944 άρχιεπισκίπου
979 823 1103 945 πρώτης
1117 861 1197 927 Ἰου-

100 966 247 1046 στινιανῆς
265 961 405 1048 Ἀχρίιλος
423 963 475 1027 καὶ
490 959 590 1046 πάσης
602 961 813 1046 Βουλχαρίας,
845 959 908 1028 ἐπεὶ
920 958 1047 1052 λλιοτίρα
1065 958 1194 1031 Ἰουστι-

100 1060 181 1146 νιανή
196 1065 277 1130 ἔστιν
292 1062 313 1148 ἡ
327 1061 471 1151 Κάπρος,
491 1067 542 1128 καὶ
554 1067 639 1156 τρίτη
652 1061 672 1148 ἦ
690 1059 875 1148 Καρχηὸιίν.
889 1119 893 1134 ,
1063 1080 1067 1090 ·

199 1164 240 1232 Oi
253 1166 356 1252 μέντοι
372 1193 405 1253 γε
419 1165 568 1254 άρχιερεῖς
579 1168 657 1252 μετά
673 1167 728 1244 τάς
743 1163 872 1254 ψήφους
887 1163 988 1233 αὗταλν
998 1161 1194 1251 χειροτονού-

100 1293 181 1352 μενοι
197 1269 284 1355 παρά
304 1276 361 1337 τοῦ
379 1267 588 1357 πατριάρχου,
612 1271 691 1356 μεθ’
708 1267 826 1356 ἡμέρας
841 1269 926 1347 τινάς
939 1275 995 1356 τῆς
1008 1272 1196 1357 χειροτονίας

66 1371 210 1454 lonicus,
232 1379 329 1440 ποιαλν
348 1373 438 1459 εὐχὴν
460 1375 586 1453 ἕκαστος
598 1372 675 1462 ὖπέρ
694 1379 756 1440 τῶν
771 1369 964 1461 κρατοίντων
979 1375 1031 1438 καί
1045 1379 1101 1437 ’τοῦ
1115 1371 1196 1458 sinq-
1227 1403 1228 1406 ¹

100 1472 179 1557 κίον,
203 1476 367 1563 ἀπέρχεται
379 1471 560 1565 προσκυνῶν
569 1477 623 1545 τὸν
631 1475 778 1562 βασιλέα,
804 1474 856 1544 aaut
871 1472 1067 1564 ἀναγινώσκει
1081 1473 1195 1564 ταύτην

99 1586 152 1665 τῆς
163 1578 384 1666 παραστάσεως
404 1581 575 1665 ἱσταμένης.

197 1682 238 1748 Oi
255 1683 293 1751 τλί
304 1708 337 1772 γε
355 1683 590 1773 άρχιμανάρῖται
605 1685 655 1749 καὶ
670 1677 948 1771 πρωτοσίγκελλοι,
981 1677 1059 1747 άλλιλ
1081 1681 1119 1765 δὴ
1141 1681 1192 1746 καί
1208 1691 1235 1748 1)

100 1783 322 1872 καθηγούμενοι
335 1793 396 1852 τῶν
414 1787 541 1870 ἐντίμων
554 1787 776 1875 μοναστηρίων,
805 1785 884 1868 μετὰ
903 1784 938 1850 τὸ
960 1785 1017 1868 τὴν
1039 1787 1197 1872 σφραγῖδα

67 1889 180 1976 15παρά
192 1897 248 1957 τοῦ
262 1885 452 1978 πατριάρχου
471 1896 576 1974 λαβεῖν
594 1890 776 1977 άπίρχονται
791 1890 841 1953 καὶ
855 1892 1059 1974 προσκυνοῦσι
1076 1891 1127 1952 καὶ
1143 1879 1199 1953 οὗ·
1293 1977 1296 1983 Ι

100 2015 159 2070 τοι,
183 1996 234 2058 καί
257 1990 451 2077 λαμβάνουσι
472 1995 507 2061 τὸ
525 1991 688 2059 ὃικανίκιον
703 1991 764 2058 άπὸ
777 1998 832 2076 τῆς
846 1997 902 2056 τοῦ
916 1989 1067 2074 βασιλίως
1077 1990 1199 2079 χειρίς·

101 2096 148 2158 καὶ
168 2120 183 2160 ο
643 2121 729 2181 νησιν
749 2101 806 2162 tori
820 2093 986 2178 βασιλέως,
1010 2089 1052 2170 άις
1073 2094 1201 2180 εἴρηται,

101 2193 252 2284 ἐρχόμενοι
277 2199 355 2282 μετά
377 2206 438 2265 τῶν
459 2199 588 2288 ίχόντων
602 2197 748 2284 μανίάων
770 2193 870 2263 αὐτῶν
889 2195 1047 2280 ποταμοίς
1065 2225 1202 2284 προσκυ-

101 2305 199 2369 νοῦσιν
221 2299 326 2382 αὗτόν,
356 2302 385 2367 οἱ
405 2303 441 2368 δέ
454 2329 487 2390 γε
502 2311 558 2390 τῆς
573 2303 732 2388 ἐκκλησίας
747 2299 892 2389 άρχοντις
905 2299 984 2385 μετά
1002 2305 1064 2367 τῶν
1085 2303 1203 2390 ἐπιρρι-

67 2407 232 2495 λθιιταρίιον
250 2405 303 2472 καί
320 2405 458 2490 ἱματίων.
1015 2414 1018 2424 “

167 2603 201 2660 10
215 2599 271 2658 cori
288 2617 330 2663 οιο
347 2601 370 2660 1²

104 2770 158 2828 nari
179 2779 207 2828 et
227 2770 396 2841 consecrari,
419 2737 630 2842 qnandoquidem
652 2765 821 2841 imperatoris
844 2739 1006 2828 renuntiatio
1027 2786 1128 2842 parvae
1154 2791 1205 2846 per

104 2857 202 2896 erucem
219 2841 379 2914 signationis
398 2839 480 2896 vicem
497 2841 614 2913 supplet.

167 2944 209 3002 Ad
231 2945 342 3001 eundem
364 2945 467 2998 modum
490 2943 549 2998 sine
571 2942 625 2998 ulla
640 2939 790 2996 remotione
826 2939 944 3011 eragitnr
960 2941 1069 2998 eliorum
1088 2946 1203 3014 patriar·
1312 2966 1314 2970 ·

104 3009 204 3070 mamm
229 3013 399 3087 proclamatio
423 3021 452 3068 et
471 3012 633 3083 designatio,
657 3012 778 3066 nimirum
800 2958 976 3066 llsxandrtse
993 3013 1151 3070 Antiochiae
1175 3027 1205 3072 et

104 3080 360 3152 Hierosolymorum
389 3081 452 3152 quin
475 3091 503 3136 et
524 3081 717 3153 archiepiscopi
738 3081 839 3151 primae
855 3079 1017 3135 iustinianae
1034 3083 1157 3138 Achridis
1174 3095 1204 3143 et

104 3152 181 3206 totius
197 3153 355 3223 Bulgariae:
373 3169 433 3206 nem
449 3153 564 3206 secunda
578 3151 724 3205 Iustiniana
740 3157 781 3204 est
795 3151 911 3220 Cyprus,
927 3151 1009 3204 tertia
1024 3153 1167 3223 Carthago.

169 3255 300 3328 Episcopi
319 3262 457 3327 postquam
474 3254 551 3309 electi
570 3263 597 3309 et
612 3271 629 3308 a
645 3249 796 3323 patriarcha
813 3253 961 3306 consecrati
978 3260 1048 3325 sunt,
1065 3259 1207 3314 conferunt

77 3367 81 3376 ,
105 3339 133 3375 se
149 3335 210 3396 post
226 3325 328 3395 aliquot
344 3324 401 3378 dies
420 3325 453 3378 ed
470 3325 609 3395 palatium,
636 3332 699 3376 vota
716 3321 755 3377 ibi
771 3335 917 3392 precesque
933 3340 982 3405 pro
1002 3322 1206 3394 imperatoribus

105 3399 131 3444 et
151 3395 271 3448 subiecto
294 3392 390 3464 populo
413 3394 510 3448 facturi
534 3402 562 3448 et
583 3394 767 3464 imperatorem
794 3397 958 3446 veneratum.
996 3395 1092 3452 recitat
1116 3397 1206 3467 quiris

55 3487 58 3494 ·
103 3476 201 3518 meram
218 3463 408 3534 precationem,
426 3462 610 3517 circumstante
626 3460 751 3516 comitatu
770 3459 867 3514 aulico.

170 3565 206 3618 At
224 3564 445 3618 archimandritae
466 3571 501 3620 et
513 3561 716 3636 protosyncelli,
742 3560 790 3615 secl
811 3566 841 3616 et
865 3561 995 3632 praelecti
1017 3564 1206 3620 venerabilium

106 3634 335 3700 monasteriorum,
357 3644 495 3705 postquam
519 3652 536 3688 a
560 3632 712 3706 patriarcha
736 3629 815 3684 electi
837 3639 915 3700 sunt,
941 3635 1040 3686 abeuru
1057 3642 1085 3687 et
1105 3635 1159 3704 ipsi
1173 3637 1208 3688 ad

106 3702 229 3768 palatium
252 3709 464 3773 veneranturque
487 3704 688 3774 imperatorem,
718 3705 747 3753 et
769 3701 803 3754 ab
827 3699 994 3772 imperatoris
1015 3720 1092 3755 manu
1112 3703 1208 3772 pedum

106 3771 236 3838 pastorale
253 3773 396 3842 accipiunt.
432 3771 551 3842 episcopi
573 3771 677 3840 quidem
700 3771 734 3824 ad
750 3769 875 3823 honorem
891 3771 925 3823 im
946 3771 1044 3824 eratori
1061 3771 1209 3828 habendum

107 3839 235 3908 proiecti,
258 3850 288 3894 ut
308 3841 406 3893 dictum
428 3851 485 3910 est,
500 3847 672 3896 monerentur
692 3838 764 3892 illutn
786 3837 873 3910 palliis
891 3857 946 3892 sors
964 3840 1095 3893 modulatis
1112 3839 1210 3898 indoti.

108 3907 235 3993 ecclesiam
251 3927 315 3966 vero
332 3925 457 3981 proceres
473 3908 670 3984 epirrhlptariis
685 3923 733 3968 seu
750 3907 866 3981 capitum
883 3905 1042 3980 tegminibus
1060 3907 1212 3982 tunicisque

108 3987 202 4034 omns
473 4002 477 4010 “
708 4013 711 4020 ·
