2968 4924
468 297 514 364 IN
540 297 687 366 CODINI
709 299 792 367 GAP.
817 299 846 366 1.
1137 303 1208 378 123

105 459 238 522 absolute
252 462 426 537 sacellarius,
447 482 480 522 eo
496 465 573 542 quod
589 472 668 526 curat
682 473 742 526 tam
757 467 879 528 chorum
899 485 983 545 quam
1000 469 1138 546 virginum
1149 489 1210 530 κυο-

105 547 237 606 casteria.
280 553 375 608 minari
394 549 500 611 sacellis
523 549 622 610 tribuit
643 551 812 628 Balsama,
833 554 862 612 in
879 572 930 612 sua
952 555 1155 632 disceptatione
1174 559 1211 614 de

106 632 339 712 chartophylace,
358 636 444 694 etiam
460 653 554 692 curam
577 642 607 694 et
626 638 894 696 administrationem
916 639 1146 716 emphyteusim.
1171 643 1212 699 ait

106 719 197 776 emm:
227 717 246 780 o‘
268 722 423 782 σακελλίου
440 721 594 799 praefectus
612 723 705 781 cccclii
728 743 822 781 curam
851 725 925 802 gerit
947 727 1011 786 τῶν
1034 727 1212 788 καθολικῶν

105 801 287 881 ἐκκλησιῶν,
310 806 500 864 catholicarum
517 806 685 866 ecclessiarum
701 807 810 886 (inepte
833 810 971 887 interpres
992 810 1161 870 ecclesiaram
1181 815 1212 872 in

105 907 215 964 genem,-
237 909 321 966 quem
336 909 457 949 errorem
476 910 535 952 noa
547 892 632 952 semel
650 893 755 974 errat),
776 890 853 978 πρῶς
872 891 905 958 di
927 893 978 956 καλ
1001 890 1213 976 ἐμφυτείσεοιν
1312 893 1315 900 ’

106 967 164 1052 τήν
181 975 342 1053 διοίκησιν.

177 1087 262 1158 Regia
281 1088 313 1141 de
334 1089 429 1142 sacello
446 1089 594 1160 praeposito
611 1107 642 1144 ac
660 1090 715 1142 eius
732 1089 918 1160 appellationes
948 1085 964 1146 d
983 1091 1128 1146 σακελλίου
1155 1093 1212 1148 τῶν

87 1157 271 1210 -καθολικῶν
302 1153 365 1210 ἐκκλ
385 1159 450 1212 σιῶν
485 1157 534 1212 καὶ
569 1160 625 1214 τῶν
661 1154 852 1228 cccccccccc
882 1155 936 1229 τὴν
968 1159 1106 1229 διοίκησιν
1139 1157 1209 1231 ἔχει·

107 1223 191 1279 coinel.
226 1222 279 1294 ηοὶρ
306 1177 385 1294 παρῶ
416 1223 564 1295 Ῥωμαίοις
585 1224 617 1282 τὸ
651 1227 770 1282 διοικεῖν
795 1221 850 1282 dccl
878 1229 926 1284 καὶ
954 1227 1117 1296 φυλάσσειν·
1153 1225 1212 1283 clud

107 1290 211 1348 ccciccc
224 1293 431 1365 μετωνόμασται
441 1293 558 1366 σακίλλη
576 1291 682 1366 risorie
699 1293 872 1367 κακουρηοῶς
889 1297 1087 1366 φυλάττουσα,
1111 1297 1160 1352 καὶ
1177 1294 1210 1352 τὸ

107 1359 283 1420 σακκούλιον.
319 1365 604 1419 Allatianadeeodem:
630 1361 815 1430 ὄσακελλίου,
841 1359 911 1420 ὅταν
928 1364 1105 1436 λειτονρηιῑὸ
1119 1363 1210 1437 οἷρχιε-

109 1430 191 1501 ρεῶς,
211 1429 359 1502 ίστῶμενος
369 1433 416 1488 καλ
431 1430 516 1498 αὐτὸς
527 1429 558 1488 ἐν
568 1435 609 1506 τῷ
620 1431 805 1505 ῶηίῳβήματι
823 1433 862 1497 είς
879 1429 1031 1504 ὑπηρεσίαν
1050 1438 1100 1489 τοῦ
1117 1432 1210 1506 ῶρχιε-

108 1498 189 1564 ρὲως.
225 1499 294 1570 ἔχων
314 1498 346 1554 at
366 1497 558 1558 ε’πισκοπεύειν
576 1505 632 1556 τῶν
649 1504 813 1572 γυναικείων
830 1506 1024 1573 μοναστηρίων
1042 1501 1142 1572 iocosa
1161 1503 1212 1559 cccl

108 1565 360 1694 cicadepasiuccigcci
371 1569 444 1626 sacci
465 1568 593 1660 cicada
610 1569 697 1695 alpiam
714 1571 842 1659 κανῶνριν
861 1569 1015 1658 ῶκρίβειριν.
1048 1559 1158 1642 κρατῶν
1177 1569 1212 1656 dig

107 1640 1212 1777 tltttlttttsttt‘tttttw’tuletti“littttttltttitisltltttt

107 1780 205 1830 verber
225 1773 239 1830 ὁ
254 1779 398 1832 σακελλίου
412 1781 467 1833 τῶν
481 1775 587 1846 είαηῶν
598 1779 686 1833 οίκων
697 1775 770 1833 κατὰ
781 1775 834 1848 τὴν
845 1777 926 1834 πόλιν
945 1781 1074 1846 διερευνοῖ
1092 1781 1141 1835 καλ
1157 1781 1209 1847 τῆς

108 1842 142 1900 ἕν
153 1841 251 1908 αὐτοῖς
263 1841 419 1914 ἐπιμέλεται
435 1844 580 1934 εὐταξίας,
602 1848 650 1901 καλ
663 1850 773 1932 μᾶλλον
792 1845 824 1902 ἐν
843 1850 883 1921 τῷ
900 1833 1091 1920 θυσιαστηρίῳ
1113 1867 1142 1902 τε
1161 1849 1210 1902 καὶ

111 1916 154 1983 τῶ
165 1914 286 1986 βήματι,
305 1912 342 1984 μή
359 1935 427 1970 ποτε
445 1915 494 1970 καὶ
504 1935 581 1982 παρα
593 1913 626 1971 τὸ
637 1918 704 1972 δεον
715 1918 760 1986 εἴη
771 1915 919 1986 γενόμενον
928 1917 978 1971 καί
987 1915 1023 1973 cci
1035 1913 1097 1986 ίερῶ
1109 1915 1211 1986 duatri-

110 2002 170 2042 ται.
206 2003 238 2038 ex
254 1985 294 2038 his
310 1985 361 2037 τοῶ
373 1986 517 2039 σακελλίου
530 1986 635 2039 nominis
650 1987 713 2040 duas
733 1988 846 2040 rationes
857 1987 962 2054 collige,
981 1987 1084 2058 primam
1096 1988 1163 2056 quod
1175 1992 1212 2038 'ut

110 2053 261 2110 sacellarius
275 2055 431 2108 muliebrium
450 2055 671 2122 monasteriorum,
690 2057 729 2108 ita
748 2057 907 2110 hieririlium
926 2057 992 2109 bona
1009 2058 1148 2122 custodiat,
1171 2057 1212 2107 al-

111 2132 195 2176 teram
215 2119 283 2192 quod
303 2124 495 2193 patriarchalem
519 2141 657 2192 carcerem,
675 2121 932 2195 caestuscaestus
951 2125 993 2178 ¹rel
1005 2123 1148 2179 σακίλλιον
1170 2124 1212 2176 di-

112 2201 198 2257 ctum,
212 2193 260 2244 sub
273 2210 319 2245 sua
336 2192 502 2262 dispositione
512 2199 608 2247 teneat.
644 2195 780 2247 Balsamcn
798 2195 889 2252 Medic.
899 2195 932 2248 de
943 2197 1078 2265 chartoph.
1101 2202 1130 2248 et
1141 2211 1212 2264 -pro-

110 2262 179 2314 tecd.
197 2261 216 2314 l.
228 2262 328 2316 ilaris
346 2263 414 2315 GRc
432 2257 536 2315 ταύτόν
553 2257 626 2316 ἔστιν
637 2260 727 2316 εἰπεῖν
747 2263 875 2331 φύλακα,
900 2261 1080 2330 σακελλοίριον
1096 2261 1146 2317 καὶ
1161 2258 1213 2316 τὸν

111 2329 263 2386 σακελλίσυ.
297 2325 375 2394 παραὶ
388 2326 596 2399 ηοὶρῬωμαίοις
611 2327 644 2384 τὸ
662 2329 804 2385 σακέλλιον
822 2326 901 2398 παρῶ
918 2327 951 2385 cd
969 2333 1100 2400 διοικεῖν,
1127 2327 1213 2401 καὶὴ

110 2394 179 2464 τοὺς
194 2398 368 2468 κακουρηοῶς
384 2396 564 2467 φυλάττουσα
582 2395 768 2470 πατριαρχικὴ
789 2398 907 2468 σακέλλη
934 2395 1065 2454 ἐντεῦθεν
1086 2399 1136 2454 καλ
1162 2395 1214 2453 οὐκ

110 2463 234 2523 ἄλλοθεν
245 2469 469 2538 μετωνόμασται,
487 2464 576 2533 ῶσπερ
594 2464 625 2521 dl
644 2470 693 2522 καί
709 2465 741 2522 τὸ
758 2466 917 2522 custoditos.
953 2467 1059 2538 λέγεται
1078 2470 1147 2538 γοῦν
1163 2485 1214 2523 ca·

110 2533 255 2606 calluimus
266 2533 281 2590 ὁ
293 2541 348 2592 τῶν
359 2538 552 2607 μοναστηρίων
564 2535 722 2607 διοικητής,
741 2537 790 2591 καλ
803 2534 817 2590 ὁ
837 2538 980 2590 σακελλίου
997 2533 1216 2606 ὑποκοριστικῶς

110 2603 197 2662 ὁτῶν
216 2608 376 2661 acac-lacu
386 2602 536 2675 ἐκκλησιῶν
546 2606 722 2676 φροντιστής.
757 2624 880 2676 nusquam
897 2605 983 2676 itaqtm
998 2602 1050 2660 τὸν
1068 2607 1214 2660 corallion

112 2677 235 2731 minoren
246 2679 405 2730 sacellarium
417 2677 602 2743 affirmaveris,
623 2677 665 2746 qni
677 2676 785 2729 maiores
795 2677 865 2744 regit
878 2676 1013 2740 ecclesias,
1036 2694 1084 2730 nac
1102 2677 1215 2730 sacella·

112 2747 145 2800 rii
161 2747 283 2816 potestati
304 2746 433 2799 subiectus
450 2745 620 2814 dignoscitur,
644 2747 685 2798 cui
705 2748 763 2798 licet
778 2746 835 2798 loco
856 2745 932 2798 cedat
951 2745 1105 2812 (monastica
1120 2746 1215 2816 quippe

112 2814 247 2869 sacellario
265 2816 409 2877 commissa,
432 2821 458 2868 et
477 2815 526 2868 alia
542 2814 650 2885 quaevis
669 2815 702 2867 ad
722 2816 860 2868 monachos
876 2815 1018 2886 spectantia
1037 2832 1132 2868 summo
1144 2819 1215 2868 cultu

112 2883 276 2954 prosequitur
293 2884 422 2936 orientalis
433 2884 555 2951 ecclesia)
571 2901 621 2936 uon
634 2892 740 2936 veretur
752 2884 939 2946 auctoritatem,
958 2891 985 2936 et
997 2885 1071 2937 ambo
1082 2903 1114 2936 ex
1132 2901 1214 2952 aequo

112 2952 284 3023 patriarcham
295 2953 348 3005 suis
358 2953 485 3022 obsequiis
503 2954 589 3007 colunt
601 2959 628 3006 et
638 2953 662 3006 ai
674 2954 699 3006 in
711 2954 767 3006 iure
780 2953 889 3005 dicundo
902 2952 1024 3009 assident.
1059 2954 1118 3021 (Mc
1137 2947 1151 3006 ὁ
1164 2970 1214 3006 cc-

114 3021 209 3075 κελίου
229 3015 302 3075 ἐστίν
321 3018 431 3090 οίκίτης
452 3023 503 3088 τῆς
521 3023 634 3090 πρώτης
651 3019 804 3089 πεντάδος,
825 3021 936 3088 κρατῶν
954 3020 1003 3075 καλ
1021 3014 1216 3090 τὴνφυλακην

112 3090 164 3159 τῆς
175 3084 346 3158 ἐπισκοπῇς,
365 3087 434 3160 ἔχων
446 3082 498 3146 οὖν
512 3091 563 3147 καλ
581 3084 612 3146 iu
629 3092 666 3164 τῇ
682 3087 826 3162 ἐπισκέψει
844 3086 933 3147 αὐτοῦ
949 3093 1005 3147 τῶν
1021 3091 1215 3162 μοναστηρίαν

112 3158 277 3229 γυναικείων
286 3155 338 3228 τὴν
348 3157 472 3230 σκέψιν.)

183 3269 241 3340 pi
262 3288 290 3323 v.
313 3273 338 3324 8.
372 3264 425 3331 τοὶς
441 3266 597 3334 καθολικῶς
612 3267 765 3340 ἐκκλησίας]
793 3272 905 3324 virorum
925 3270 1076 3324 monasteria
1095 3275 1122 3324 et
1138 3271 1216 3324 iureis

115 3346 279 3394 constructae
289 3339 412 3391 ecclesiae
429 3340 492 3392 viris
507 3347 620 3404 tantum,
642 3341 774 3394 mulierum
794 3340 940 3394 nrulieribus
956 3347 1016 3392 sunt
1032 3347 1146 3410 apertae.
1182 3359 1216 3397 att

113 3427 178 3462 vero
196 3409 304 3461 ecclesia
318 3408 459 3477 quaeritis
471 3409 667 3475 structioribus,
688 3409 777 3480 quales
799 3416 857 3464 sunt
880 3410 1029 3480 paroeciae,
1053 3416 1140 3477 patet,
1162 3430 1214 3463 κα-

114 3474 218 3545 θολική
229 3485 278 3531 εει.
312 3471 485 3530 auctorvitaa
504 3478 557 3531 Nili
581 3479 699 3532 iunioris:
726 3475 793 3552 βάλε
812 3474 884 3531 αὐτοὶ
904 3471 934 3531 lu
954 3480 988 3549 τῇ
1006 3481 1148 3548 καθολικῇ
1164 3479 1217 3532 coci

112 3543 247 3611 κοὶστρου.
281 3547 409 3616 interpres
418 3546 504 3616 posuit
517 3550 700 3601 cathedralem.
734 3563 824 3600 verum
839 3565 889 3600 non
900 3548 1060 3601 cathedrales
1072 3550 1156 3613 modo,
1168 3549 1217 3602 sed

115 3623 144 3668 et
163 3616 299 3684 paroeciae
316 3615 424 3668 maxime
444 3616 602 3668 monasteriis
622 3625 799 3686 opponunturc
832 3618 969 3670 catholicas
988 3625 1071 3670 satem
1095 3618 1217 3670 ecclesias

114 3685 276 3738 monasteriis
288 3685 395 3754 opponit
413 3685 548 3738 Balsamon
566 3686 664 3738 iamiam
681 3686 779 3750 lectus,
801 3687 869 3754 quod
891 3688 955 3740 haec
967 3687 1062 3740 sacellii
1093 3687 1218 3750 raeiacto,

114 3755 172 3808 illas
190 3753 252 3821 (etsi
269 3754 349 3806 minus
367 3754 477 3820 nobiles)
496 3771 542 3806 ceu
559 3757 718 3824 praesectum
736 3757 893 3824 superiorem
906 3763 994 3810 nactas
1010 3705 1143 3808 sacellario
1155 3755 1218 3806 sub·

114 3823 199 3875 iectas
211 3831 320 3876 asserat.
355 3831 413 3874 sunt
429 3823 517 3891 itaque
537 3825 679 3876 catholicae
697 3825 820 3877 ecclesiae
844 3825 947 3878 eaedem
969 3842 1035 3894 quae
1052 3822 1220 3892 paroeciales,
1287 3831 1293 3840 '

116 3909 172 3945 cum
185 3892 324 3962 pleraeque
336 3891 478 3944 huiusmodi
494 3894 654 3976 reperiantur
670 3894 696 3944 in
707 3895 771 3946 urbe
782 3895 843 3956 ΟΡ,
860 3895 1013 3946 cathedralis
1024 3893 1112 3955 unica,
1129 3909 1221 3958 magna

115 3961 233 4014 nimirum
259 3960 377 4015 ecclesia.
413 3962 544 4014 catholicus
560 3971 586 4016 et
604 3963 749 4015 monasticis
768 3963 884 4016 ecclesiis
905 3963 1021 4030 adiungit
1039 3962 1082 4013 Ius
1102 3961 1154 4012 GR
1173 3959 1220 4014 iol.

115 4031 168 4084 255
187 4026 349 4097 cccccccccc
360 4029 469 4093 oleove,
488 4031 612 4098 ecclesias¹
628 4033 743 4086 nitrrirum
761 4049 810 4087 non
822 4033 954 4086 dedicatus
969 4042 996 4084 et
1007 4031 1049 4082 ret
1060 4030 1086 4081 ia
1098 4029 1167 4096 agris
1177 4030 1221 4082 vel

114 4100 142 4150 in
161 4101 267 4150 urbibus
280 4098 377 4151 cunctis
396 4099 513 4168 pervias,
537 4107 566 4152 at
584 4093 720 4184 paroeciae
738 4101 794 4153 iure
817 4102 948 4172 privatas:
975 4093 1029 4153 κῶν
1047 4094 1222 4166 μοναστήρια

119 4158 170 4220 circs
182 4161 238 4219 κῶν
249 4163 389 4234 ἐκκλησίαι
402 4167 554 4220 καθολικαὶ
565 4187 620 4221 καυ
632 4165 771 4236 εῶκτήριοι
784 4163 866 4222 οἶκοι.
903 4169 1010 4221 adverte
1021 4168 1119 4219 demum
1131 4173 1221 4218 aucto-

114 4254 171 4290 rem
190 4237 335 4288 Balsamcni
357 4235 452 4288 socium
469 4243 521 4292 tam
538 4238 650 4291 virorum
665 4255 739 4307 quam
763 4239 891 4291 mulierum
910 4237 1065 4290 monasteria
1081 4234 1223 4300 sacellario,

116 4322 263 4359 communes
280 4319 343 4358 vero
357 4306 480 4360 ccclesias
498 4306 542 4359 ce
566 4313 683 4378 repertas
706 4307 795 4362 sacelli
811 4309 943 4378 praefecta
963 4306 1087 4376 regendas
1099 4304 1221 4364 tribuere,
