2958 4918
250 317 328 440 ‚19⁰
417 313 625 383 nnsrsnnr
638 305 693 381 nr
709 313 838 381 nomn
852 313 1185 384 communimus

253 457 380 542 Codiuus
399 487 497 546 noster
510 487 540 541 et
553 481 607 542 alii.
627 481 691 541 hinc
710 479 879 562 dpouypaori
902 480 1032 558 globatim
1057 484 1229 540 rottentoeise.
1264 499 1354 558 quan-

254 587 341 644 quam
357 569 449 647 ipsum
468 585 580 644 quoquc
595 566 759 626 vocabulum
778 572 831 624 rott
854 585 924 645 pure
945 567 1149 625 Germanicum.
1182 565 1301 626 Nicetes
1324 569 1353 626 in

253 653 393 713 Balduino
413 651 551 712 Flandro:
580 658 688 734 μοῖραν
708 646 750 733 ἢν
770 651 899 733 porinus
920 643 1088 734 ω’νόμαζον.
1113 650 1354 729 Neubrigensis2

253 743 312 804 27:
334 743 422 819 copias
440 758 508 817 puna
520 739 608 797 nutias
621 743 725 800 uocant.
811 761 815 770 ·

256 873 258 892 =
325 870 351 922 p.
368 853 401 906 10
415 870 441 907 v.
458 849 484 906 4.
519 853 676 922 praesectum
692 849 797 920 vigilum
813 847 847 902 ab
858 850 974 918 Augusto
991 849 1090 904 Romae
1105 849 1261 922 institutum,
1279 852 1355 922 quit

256 921 404 976 cohortibus
439 937 468 974 er
485 918 519 975 14
535 919 654 990 regiones
670 919 801 989 dispositis
817 935 833 974 s
849 919 980 972 nocturnis
1001 920 1192 988 grassatoribus
1215 929 1243 974 et
1266 921 1358 974 subitis

255 989 378 1046 incendiis
394 939 481 1042 urge!
497 995 658 1053 tutarentur,
682 1006 716 1042 ex
733 987 856 1041 Suetonio
874 993 902 1040 et
918 987 1002 1040 Dione
1017 987 1172 1042 demonstrat
1190 991 1358 1060 Dempsterus

254 1063 316 1114 Aut.
334 1060 411 1112 Rom.
429 1061 446 1115 7
463 1059 507 1114 34.
542 1059 583 1112 hic
600 1058 771 1126 cognoscebat
787 1057 821 1110 de
843 1056 1025 1120 incendiariis,
1049 1059 1165 1124 iuribus,
1187 1061 1358 1130 receptatori-

255 1131 304 1182 bur
322 1135 348 1182 et
365 1127 421 1182 aliis
438 1144 485 1197 per
500 1127 559 1182 vius
574 1132 602 1182 et
619 1127 709 1179 domos
725 1125 840 1179 admissis
855 1123 976 1194 flagitiis,
998 1125 1046 1178 nisi
1066 1129 1136 1180 forte
1159 1143 1235 1196 quam
1259 1130 1358 1181 amosis

256 1200 407 1266 famosaque
423 1198 524 1260 forent,
542 1201 572 1248 ut
589 1196 622 1249 ad
640 1197 711 1267 upbis
728 1195 888 1264 praefectum
906 1195 1084 1262 deterrentur,
1105 1195 1246 1266 dequibus
1267 1198 1359 1250 Pauci-

256 1267 336 1322 rollus
352 1267 379 1318 in
396 1265 523 1318 Notitiam
541 1265 656 1318 Orientis
674 1283 698 1318 c.
716 1267 760 1321 27.
795 1263 875 1316 officii
900 1263 1042 1317 huiusmodi
1059 1263 1172 1318 tribunal
1188 1264 1265 1336 Cpoli
1278 1267 1360 1318 fuisse

258 1330 464 1404 dpouppupandn
485 1330 666 1403 δικαστήριον
688 1337 809 1386 vocatum
833 1349 866 1386 ex
889 1331 972 1386 Alexii
989 1333 1112 1386 Comneni
1127 1334 1198 1388 Nov.
1221 1334 1288 1388 luris
1307 1335 1360 1388 GR

256 1415 319 1460 tom.
335 1407 353 1458 2
370 1403 483 1456 coniicio.
519 1403 586 1456 aliae
609 1402 712 1472 vigiliae
735 1409 810 1455 erant
831 1402 857 1454 iu
879 1401 988 1469 castris,
1016 1403 1049 1456 de
1073 1403 1166 1472 quibus
1190 1403 1361 1474 Dempsterus

258 1475 326 1528 idem
346 1473 442 1536 1013,
459 1487 566 1542 quarum
583 1471 719 1542 appellatio
754 1472 867 1523 roiertnr
883 1485 899 1523 a
918 1469 1028 1524 Graecis
1045 1470 1141 1542 pipin,
1158 1473 1265 1526 Graece
1280 1474 1361 1541 magis

260 1559 277 1596 a
295 1541 437 1595 Simocatta
453 1537 544 1610 σκοπή
578 1489 758 1610 unruosnxrf,
775 1532 919 1608 ἐπισκοπή.
954 1541 1119 1610 praefectus,
1137 1533 1169 1602 ὃς
1181 1542 1232 1609 τῆς
1248 1535 1361 1596 ἐπισκο-

259 1611 316 1680 πῆς
331 1604 382 1671 τὰς
399 1603 527 1676 φρουρὰς
541 1578 731 1679 ἐγχειρίζεται,
757 1607 837 1662 eidem
863 1609 1020 1662 simocattoe
1038 1612 1053 1663 1
1073 1610 1107 1674 9,
1129 1611 1296 1678 praefectus,
1320 1611 1362 1664 iu-

262 1696 354 1752 quam,
372 1693 458 1732 eurum
468 1675 668 1748 dpooppaipsoe,
685 1677 753 1748 quod
770 1695 803 1730 ax
820 1677 925 1730 militum
942 1677 1039 1747 drungo
1051 1677 1105 1731 sive
1117 1685 1201 1732 turma
1213 1679 1363 1748 (dpoiippoe

262 1749 329 1802 euim
345 1754 428 1802 turma
445 1753 494 1812 est)
511 1747 693 1802 conflarentur.
729 1746 836 1800 deeius
860 1745 999 1800 ministeriu
1020 1753 1108 1800 auctor
1129 1747 1156 1799 in
1179 1749 1362 1817 sequentibusr

262 1817 410 1870 denomino
433 1815 508 1869 docte
530 1817 639 1888 fuseque
661 1816 694 1869 Ri
738 1816 807 1880 tius,
831 1815 973 1884 Meursiuu,
998 1817 1156 1881 Gretserus,
1181 1816 1362 1888 Bullengerus,

262 1886 393 1939 Fabrotus
415 1885 618 1950 latiomorum,
641 1891 669 1937 et
685 1885 736 1940 sii.
770 1883 880 1938 officium
897 1885 1027 1954 antiquum
1050 1892 1076 1938 et
1093 1891 1195 1939 noturus
1219 1886 1289 1940 cirea
1308 1886 1362 1941 Co-

262 1956 380 2028 prouymi
395 1961 511 2028 tempora
526 1971 618 2010 nomon
633 1953 743 2025 vulgare
757 1953 839 2026 primo
855 1951 979 2026 seriptum
992 1955 1020 2010 in
1035 1952 1196 2028 Theophane
1210 1955 1324 2028 reponio.

584 2463 1030 2545 CAPUTIII.

266 2719 270 2726 ·
343 2717 373 2777 p.
387 2699 426 2761 10
440 2715 466 2758 v.
482 2697 511 2766 s.
545 2651 695 2778 Magus
719 2699 921 2780 tenesmon]
943 2697 1021 2782 spus
1045 2695 1165 2776 Tyrum
1182 2697 1224 2760 21
1248 2698 1289 2760 16
1308 2713 1364 2756 ne

261 2787 440 2866 gultriarcla.
468 2794 600 2852 emendat
625 2791 797 2850 Glossarium
815 2790 1069 2868 magnetumorcla.
1090 2789 1164 2848 forte
1177 2787 1257 2848 nulla
1270 2806 1365 2846 emcn-

262 2873 380 2933 datione
390 2893 462 2952 opus
474 2880 536 2954 est,
557 2878 623 2954 quia
637 2875 740 2952 Tyrius
756 2878 852 2936 forsan
867 2895 902 2935 ex
915 2875 1053 2934 communi
1069 2875 1273 2934 consuetudine
1288 2873 1366 2950 vulgi

262 2958 318 3018 hoc
335 2977 438 3018 nomen
451 2959 549 3020 extulit
563 2969 593 3021 et
605 2963 635 3020 in
653 2961 798 3021 historiam
818 2961 920 3020 intulit
948 2965 1047 3020 notum
1065 2964 1110 3018 cst
1127 2964 1221 3018 autem
1240 2979 1258 3018 a
1279 2958 1366 3036 vulgo

264 3043 351 3120 longe
365 3043 445 3102 aliter
459 3045 528 3104 haec
540 3047 609 3107 talia
621 3048 738 3126 proferri
754 3047 844 3106 solere
856 3065 940 3123 quom
953 3046 1134 3125 proferantur
1147 3043 1192 3102 rel
1205 3043 1366 3104 scribantur

264 3147 285 3188 a
297 3129 396 3188 doctis.
414 3135 444 3187 et
458 3149 566 3209 nupera
580 3134 664 3192 etium
677 3131 757 3208 Tyrii
778 3133 863 3190 editio
884 3131 973 3190 avire
993 3130 1075 3190 valde
1090 3130 1175 3188 docto
1192 3134 1292 3188 curata
1304 3129 1367 3188 vul-
1396 3151 1401 3164 ·

266 3218 365 3290 gotum
386 3213 532 3276 lectionem
552 3219 662 3278 retinet
694 3217 821 3276 Codiuus
847 3217 914 3275 dicit
935 3235 999 3276 eum
1018 3213 1226 3274 letaniorclorn
1248 3214 1365 3292 dictum,

267 3300 346 3374 quod
362 3297 512 3378 ἑταίρους,
534 3307 617 3363 socios
634 3309 659 3364 et
675 3306 788 3378 amicos,
803 3300 932 3360 Romano
948 3300 1064 3379 imperio
1078 3304 1206 3379 pararet,
1226 3301 1366 3378 susceptis
1454 3325 1455 3340 2

265 3384 351 3442 etium
373 3387 508 3463 profugis.
535 3389 581 3448 olii
602 3387 639 3449 ab
656 3389 789 3462 letatus,
809 3386 920 3446 militari
943 3385 1073 3462 cohorte,
1099 3401 1164 3443 eum
1189 3383 1244 3442 hoc
1260 3403 1366 3444 nomen
1454 3385 1455 3406 l

264 3469 405 3548 accepisse
423 3477 583 3547 autumant3
610 3474 688 3533 cuins
713 3471 835 3532 cohortis
857 3471 961 3532 mentio
981 3470 1059 3550 apud
1080 3467 1214 3530 Ioannem
1235 3469 1366 3548 Curope-
1454 3459 1455 3534 f

263 3554 352 3614 latam
365 3555 395 3614 in
408 3555 545 3618 Michaele
565 3559 715 3636 Rancabe‚
736 3562 766 3615 et
785 3556 888 3635 duplex
906 3561 983 3633 erat,
1003 3554 1093 3614 maior
1116 3560 1146 3613 et
1163 3555 1270 3614 minor:
1291 3555 1365 3614 illius

263 3641 322 3698 dun
336 3645 365 3698 et
379 3643 537 3720 praefectus
550 3665 670 3722 magnus
685 3641 876 3704 hetaeriarcho
891 3643 1000 3720 dictus,
1014 3640 1096 3700 huius
1120 3637 1251 3700 obsolute
1265 3639 1366 3701 hetae-

262 3725 378 3786 riarcha.
398 3730 512 3788 consule
529 3730 711 3790 Glossarium

333 3841 447 3896 Gatthos
477 3834 538 3898 belli
577 3843 662 3896 socias
691 3842 886 3896 Constantinum
919 3839 971 3896 sihi
1007 3837 1152 3894 adiunxisse
1180 3856 1212 3893 ac
1239 3842 1367 3911 foederu-
1454 3827 1455 3832 ἵ

265 3915 306 3964 tos
327 3911 456 3966 vocitasse
479 3911 567 3966 scribit
591 3911 747 3978 lornandcs3
766 3920 888 3965 renovato
907 3909 1000 3965 deinde
1017 3926 1075 3962 cum
1090 3907 1122 3962 iis
1141 3907 1248 3963 foedere
1267 3911 1302 3964 sd
1317 3929 1367 3964 aua

264 3994 347 4062 usque
363 3986 481 4062 tempora
496 3997 678 4062 perseverasse
694 3998 780 4034 eorum
795 3981 895 4049 agmins
911 3979 986 4033 aubin
1021 3977 1052 4032 ‘t
1085 3983 1161 4063 frast
1176 3980 1365 4064 foederatorum

263 4063 349 4101 merae
365 4049 425 4102 illue
440 4055 541 4103 turmae
562 4050 590 4102 in
614 4047 716 4102 Tiberii
737 4051 840 4104 secundi
864 4050 971 4102 mutriss
1001 4062 1144 4136 uyupoepue
1173 4063 1227 4116 pap
1250 4065 1364 4117 coporos

264 4109 388 4171 ἐθνικῶν
403 4114 552 4187 κατέστησε
568 4114 724 4186 στράτευμα
738 4116 779 4182 ule
794 4113 884 4186 ὄνομα
902 4118 993 4185 ἴδιον,
1010 4131 1153 4185 oppresus
1165 4115 1215 4170 nul
1225 4117 1364 4172 καθοπλί-
1454 4117 1455 4128 ’

265 4201 317 4304 οἷς
334 4179 453 4270 adsonis,
469 4183 597 4308 Ξιλιάὸας
613 4183 779 4274 benonim,
796 4181 924 4251 dsdoosoir
939 4181 1035 4249 adroic
1049 4181 1099 4239 aot
1113 4181 1268 4304 urpurppdv
1278 4189 1363 4240 Mao—
1454 4195 1455 4220 l

268 4271 360 4321 ρκιον
375 4272 427 4307 ron
450 4274 467 4308 κ

268 4323 354 4393 phana
370 4321 520 4392 Cadreuus,
537 4325 605 4398 apud
622 4341 698 4398 quem
714 4327 825 4384 Leonem
842 4327 988 4418 menium
1004 4321 1182 4397 sNiocphoro
1193 4320 1301 4396 adprpra
1311 4327 1366 4380 suin
1454 4321 1455 4348 l

484 4274 558 4326 μητα
579 4257 634 4310 rain
658 4257 843 4326 φοιδερατων.
877 4259 941 4311 baec
956 4257 1038 4310 ferme
1054 4253 1086 4306 ud
1103 4270 1151 4307 ver
1169 4269 1211 4308 nm
1228 4273 1262 4310 ex
1274 4257 1365 4310 Theo-
1454 4277 1455 4318 ς
