3016 4906
291 312 366 388 aas
437 307 660 409 Lcnnrsanr
675 307 730 374 nr
745 304 876 376 cosm
890 303 1222 375 communimus

289 475 410 544 τάσσων
423 472 546 560 γράφει,
567 471 664 559 ἤμουν
684 469 719 539 τό
736 471 756 538 ό
770 475 853 539 δεῖνα
868 473 901 538 ἐν
915 437 1034 558 Χριστρδ
1046 474 1092 558 τῷ
1104 474 1169 556 θεῷ
1182 466 1287 545 πιστός
1300 471 1381 553 βασι-

290 561 360 638 λεός
373 561 425 624 καὶ
441 555 633 645 αὐτοκράτωρ
644 560 810 640 Ῥωμαίων,
831 554 854 638 ἢ
868 553 1007 639 βασιίεὺς
1018 557 1186 638 Ῥωμαίων,
1202 556 1299 640 οἰκεία
1312 555 1383 636 χειρί

289 643 452 723 ὑποτάξας.
493 643 561 726 er'go
582 653 612 706 et
634 640 813 728 προτάττειν
837 649 868 704 et
888 639 1068 706 ὑποπάσσειν
1092 647 1140 700 ’στί
1161 644 1333 720 monentes
1354 649 1381 700 et

289 735 460 801 subsen'terer
477 733 639 812 inquorum
655 731 771 794 notione
785 730 957 812 pervidenda
973 735 1004 790 et
1015 727 1180 812 explicanda
1190 726 1276 808 plane
1289 745 1381 786 caecu-

289 821 354 880 tivit
366 817 471 877 Iunium.

372 958 402 1016 p.
416 936 457 1001 86
475 953 502 995 v.
527 931 574 998 14.
597 927 637 996 άν
651 929 685 996 tt
697 929 767 1008 υίός
787 926 869 996 αὑτό
889 920 929 1016 ᾖ,
951 931 980 994 εί
992 927 1048 1010 μὲν
1071 928 1229 992 ἐκδίδωσιν
1245 924 1380 1011 όντοτήρ,

288 1013 399 1108 γράφει
420 1018 473 1082 καί
495 1012 600 1093 αὑτός,
629 1013 805 1097 προτάσσων
828 995 933 1089 οὑτως.
974 1016 1074 1077 omitto
1098 1014 1143 1074 bic
1163 1014 1249 1074 etiam
1268 1014 1381 1074 verbnm

288 1101 466 1188 προτάσσου
485 1103 557 1163 male
573 1105 724 1164 redditum.
759 1104 852 1182 priora
869 1103 913 1161 sic
932 1103 1019 1160 vertit
1043 1100 1157 1159 Iunius:
1187 1101 1284 1178 quodsi
1304 1101 1380 1178 filius

288 1199 327 1252 est
341 1194 408 1270 ipsi,
429 1191 556 1268 siquidem
572 1191 696 1248 attribuat
706 1195 792 1268 poter.
834 1207 988 1266 perperam.
1029 1184 1180 1263 legendum
1193 1203 1228 1244 ex
1242 1185 1305 1244 cod.
1315 1183 1380 1244 Bav.

288 1285 319 1338 et
335 1275 439 1336 Lautb.
460 1273 635 1338 ἐνδίδωσιντ
656 1278 771 1356 τίμασεν
785 1274 923 1348 concedet,
944 1275 971 1330 si
977 1276 1127 1351 pnnstttot.

356 1390 392 1444 sb.
408 1404 436 1440 v.
450 1387 491 1442 15.
511 1386 676 1454 Gregorasl
697 1386 743 1442 15:
761 1379 939 1456 inirqsqtai'
962 1376 1040 1455 τιότρῖ
1055 1379 1240 1454 titubantiam)
1259 1375 1275 1436 ό
1293 1375 1382 1450 πατὴρ

288 1453 388 1513 κυνίδι’
408 1451 537 1525 ἐρυθρόν
552 1451 727 1523 ὑπογράφειν
741 1452 909 1526 γραμμάτων
930 1451 1037 1518 ττροστά
1054 1470 1128 1521 ματα
1159 1446 1300 1518 οὑμόντοι
1310 1452 1383 1520 μῆνα

289 1524 338 1581 καί
356 1527 495 1593 ίνδικτον,
514 1518 586 1577 tart
599 1519 772 1593 Ἀνδρόνικος
789 1523 909 1593 Χριστοῦ
924 1519 1015 1592 χάριτι
1033 1471 1159 1593 lustrale
1170 1515 1326 1588 Ῥωμαίων.

374 1652 402 1710 p.
419 1635 459 1694 87
469 1648 496 1686 u.
511 1632 539 1692 9.
569 1627 666 1696 Iunius
687 1629 785 1688 inscite
801 1632 927 1707 promitto
948 1648 988 1688 sne
1008 1629 1187 1688 abstenturum
1210 1625 1246 1685 ob
1269 1625 1379 1689 ε’τιυίδίσ.

288 1716 345 1774 imo
364 1735 383 1773 o
403 1715 543 1788 coedibus,
565 1714 631 1788 quia
644 1713 795 1792 legendum
808 1709 932 1790 φόνων,
954 1732 1011 1771 non
1026 1705 1166 1789 φθόνων.
1208 1709 1300 1786 qualis
1319 1731 1382 1788 pro·

288 1800 383 1858 missio
398 1799 433 1856 ab
448 1799 633 1876 imperatore,
652 1801 676 1857 ai
690 1800 838 1876 promittat
847 1817 878 1856 se
890 1797 961 1856 velle
974 1797 1114 1856 abstinere
1126 1795 1163 1855 ab
1180 1795 1303 1873 invidia,
1322 1815 1381 1854 cum

286 1885 334 1943 vix
353 1885 457 1944 habeat
477 1885 521 1942 cui
539 1885 600 1962 ipse
619 1883 762 1961 invideat,
781 1885 842 1962 ipse
854 1883 993 1942 communi
1007 1884 1130 1940 omnium
1142 1875 1381 1960 invidiaeexposi·

285 1968 357 2027 tus‘l
397 1989 449 2027 nee
470 1969 648 2027 recte¹vertit
669 1960 935 2049 άνρωτηριασμοός
955 1968 1164 2026 concussiones:
1193 1965 1380 2024 mutilationes

285 2053 427 2129 debebas,
447 2053 518 2110 luni.
561 2053 628 2126 quia*
645 2054 718 2111 enim
739 2053 839 2110 Graeci
856 2053 1039 2132 imperatores
1063 2053 1101 2112 ad
1112 2050 1215 2110 caedes
1229 2055 1260 2108 et
1274 2049 1381 2108 mutila-

285 2139 377 2196 tiones
391 2137 474 2196 valde
488 2137 611 2215 prompti
624 2143 714 2214 erant,
734 2143 768 2194 ut
784 2155 818 2195 ex
828 2142 890 2197 tota
904 2137 1020 2195 historia
1033 2136 1191 2214 Byzantina
1205 2133 1305 2212 liques,
1325 2135 1380 2194 iure

286 2222 405 2298 abillis,
425 2240 496 2297 quos
513 2240 620 2280 corona
638 2222 835 2300 exspectabat,
856 2223 1018 2300 exigebatur
1038 2227 1072 2282 at
1094 2221 1147 2282 lrac
1167 2221 1198 2280 in
1218 2237 1251 2278 re
1268 2220 1379 2280 modum

286 2313 416 2365 tenerent
434 2311 464 2365 et
479 2306 547 2366 nihil
566 2312 678 2388 praeter
694 2309 738 2368 fas
755 2313 879 2386 agerent

370 2426 406 2483 it.
423 2443 449 2484 v.
473 2427 520 2486 16.
547 2424 590 2497 εἰς
612 2420 666 2498 τάς
683 2419 783 2502 τόσας]
815 2426 883 2502 quid
900 2423 955 2483 boc
967 2424 1019 2482 sibi
1034 2422 1119 2500 velit,
1147 2423 1239 2482 fateor
1259 2439 1306 2482 me
1325 2438 1379 2480 non

284 2511 413 2654 {135qu
435 2528 500 2568 nam
522 2511 599 2587 quod
617 2509 712 2569 Iunius
730 2511 830 2588 vertit,
850 2511 888 2572 οδ
902 2517 992 2570 tantus
1006 2508 1055 2588 N,
1083 2510 1114 2568 id
1134 2506 1202 2568 mibi
1221 2525 1281 2568 non
1298 2506 1379 2566 satis·

354 2693 419 2746 ibit.
454 2690 516 2762 quib
533 2691 583 2744 boc
599 2687 648 2774 sibi
663 2690 741 2757 salit,
756 2691 842 2766 fateor
857 2707 898 2744 me
914 2707 964 2742 non
982 2688 1095 2774 assequi,
1116 2688 1208 2748 scribit
1233 2693 1380 2748 creasse

285 2762 323 2815 nil
343 2763 443 2815 miram:
461 2767 594 2830 cormptus
608 2775 673 2812 ουτω
694 2764 721 2812 et
742 2759 856 2830 vulgaris
872 2764 913 2813 est
935 2759 1056 2828 loquentis
1074 2757 1179 2831 modus,
1207 2767 1378 2832 quoquotum

284 2832 377 2883 mensis
394 2831 460 2881 sliem
477 2832 601 2881 annotant
623 2828 728 2882 Graeci.
752 2847 785 2882 ex
807 2828 906 2897 vulgari
926 2827 1091 2894 grammatica
1115 2830 1228 2914 percipio
1252 2847 1299 2884 eos
1325 2829 1378 2883 rlies

284 2898 378 2950 mensis
395 2906 569 2950 numeraturos
586 2913 637 2949 nou
654 2897 787 2951 adiectivis
809 2897 978 2950 numerabbus
1000 2897 1046 2950 sod
1067 2898 1235 2953 substantrris
1259 2898 1313 2952 uti:
1331 2915 1378 2951 non

284 2965 349 3018 enim
368 2966 454 3018 dicunt
470 2965 597 3029 secundo,
615 2965 730 3030 decimo,
749 2961 870 3033 rig'esimo
895 2964 953 3030 die,
976 2982 1063 3018 varum
1080 2966 1113 3019 ad
1130 2966 1210 3033 duos,
1233 2968 1266 3023 ad
1283 2967 1377 3033 δεωω,

174 3084 182 3117 ἱ
283 3035 316 3086 ιδ
334 3033 426 3102 viginti
444 3034 500 3086 dies
518 3034 617 3085 mensis.
635 3033 709 3087 simul
725 3035 800 3096 etiarn
818 3033 1013 3105 praepositionis
1036 3031 1077 3096 τίς
1098 3037 1247 3090 accusativo
1267 3037 1379 3101 iunctae,

283 3119 357 3173 quam
375 3095 405 3154 ἒν
420 3103 522 3169 dativo,
544 3101 703 3170 frequentior
720 3110 760 3156 est
778 3103 845 3172 apud
863 3118 907 3157 eos
924 3119 992 3159 usus.
1015 3101 1087 3154 vides
1106 3103 1194 3173 itaque
1211 3101 1252 3167 τίς
1269 3100 1320 3166 τάς
1335 3101 1378 3156 τό·

281 3188 333 3232 σας
348 3172 398 3223 τοὺ
413 3168 516 3239 μηνός,
534 3170 568 3224 ad
585 3170 689 3223 verbum
706 3172 742 3223 osi
759 3179 797 3224 tot
814 3173 906 3225 mensis
924 3174 994 3235 dies,
1012 3172 1090 3224 scribi
1107 3173 1167 3224 vics*
1179 3175 1231 3227 tali
1251 3175 1295 3227 δίε
1311 3191 1377 3226 sacn-
1480 3203 1481 3226 ι

283 3242 329 3293 sis.
351 3240 508 3309 subiungitur
532 3232 563 3293 ἐν
588 3233 693 3314 ἡμέραν
709 3245 739 3294 tu
761 3241 852 3312 supple
868 3241 918 3309 τῆς
939 3233 1096 3311 ἑβδομάδος
1117 3236 1229 3314 κρόκῃ,
1254 3237 1377 3316 δευτέρᾳ,
1480 3235 1481 3250 ’

282 3308 373 3380 τρίτῃ.

352 3393 388 3446 ib.
406 3394 484 3446 att.
508 3389 630 3461 συνόδῳ]
648 3411 698 3446 non
714 3392 787 3446 unius
811 3392 958 3462 provinciae
981 3393 1103 3449 collectos
1124 3395 1260 3466 episcopos
1284 3412 1377 3464 omnm,

284 3459 328 3513 vel
344 3477 376 3512 ex
394 3461 532 3529 provinciis
547 3463 660 3515 omnibus
677 3461 836 3532 patriarchae
852 3462 974 3515 subiectis
991 3463 1121 3532 praesules
1138 3465 1250 3535 aliquot,
1274 3466 1308 3520 δε
1323 3482 1377 3518 mo-

282 3529 355 3583 ribus
369 3530 411 3582 vel
428 3529 552 3582 ecclesiae
568 3530 620 3582 fide
641 3531 831 3600 disquisituros,
851 3528 973 3583 σύνοδον
996 3531 1039 3584 bic
1062 3533 1150 3586 vocari
1173 3534 1315 3598 existimes,
1333 3533 1376 3586 sed

284 3599 327 3650 vel
342 3598 436 3651 clerum
455 3597 515 3662 GP,
534 3599 575 3650 vel
592 3614 648 3651 cum
666 3617 696 3652 eo
713 3599 844 3669 praesules
862 3598 905 3669 qui
923 3600 992 3652 torte
1009 3599 1054 3653 GP
1071 3609 1215 3656 versantur.
1233 3604 1295 3656 risle
1313 3603 1377 3656 luris

285 3667 337 3720 GR
355 3668 373 3720 l.
391 3668 409 3721 3
427 3673 454 3718 et
471 3665 489 3719 4
505 3666 635 3738 continepe
650 3662 799 3728 σννοδικάς
813 3661 976 3736 άντοφάσεις,
990 3668 1039 3720 boo
1054 3675 1094 3721 ast
1109 3664 1303 3739 άρχιερατικδτ
1316 3671 1377 3723 δια-

282 3732 387 3802 τάξεις,
402 3737 550 3804 pontr'ficics
567 3736 757 3790 constitutiones
773 3736 891 3804 privatim
907 3736 1090 3805 apatriarcbia
1107 3739 1206 3805 editas,
1228 3741 1270 3792 cui
1286 3738 1378 3810 privati

282 3809 382 3858 tantum
401 3804 526 3874 paucique
543 3803 657 3873 episcopi
675 3805 805 3857 consilium
826 3804 926 3857 dedisse
943 3812 1120 3859 momorantur.
1146 3808 1204 3860 binc
1223 3801 1378 3878 ίνδρμσδσσι

284 3867 347 3939 ἱερά
362 3869 479 3934 abactor
491 3873 667 3942 peregrinone
683 3881 708 3926 et
722 3876 822 3926 incerta
838 3873 965 3941 synodus,
994 3881 1022 3927 et
1045 3875 1095 3943 τῆς
1110 3868 1281 3946 ίνδημοόσης
1303 3893 1378 3944 τηου*

282 3940 372 3994 ναῦτα
393 3940 645 4010 συναθροισθείσης
666 3941 788 3994 συνόδου
811 3937 973 4009 συνέδριον,
999 3947 1155 3999 occurrentis
1179 3953 1205 4001 st
1229 3947 1267 4001 οὑ
1289 3945 1377 4000 urle!

281 4007 365 4077 (torte
381 4010 501 4080 fortuito)
518 4010 611 4080 synodi
630 4010 782 4080 concilium,
800 4009 912 4064 ciusdem
928 4010 1013 4081 operis
1030 4029 1056 4082 p.
1071 4014 1132 4068 271.

366 4111 396 4191 pl
417 4120 458 4182 88
476 4136 503 4175 v.
518 4119 548 4178 2.
575 4097 752 4195 Thomaites]
778 4134 911 4194 magnum
926 4118 997 4176 sacri
1012 4115 1109 4197 palatii
1129 4116 1293 4195 triclinium,
1312 4122 1377 4176 uta

282 4195 395 4256 Zonara
413 4199 443 4257 in
466 4201 582 4278 imperio
601 4199 696 4262 irenes
718 4201 891 4280 nominatur,
922 4204 999 4279 quod
1020 4201 1073 4261 sub
1091 4203 1189 4263 eadem
1202 4203 1376 4282 imperatrice

276 4283 477 4375 Acontlagravit3
506 4306 617 4364 unaque
633 4292 755 4349 cremata
769 4305 831 4346 esse
848 4288 975 4348 feruntur
994 4307 1028 4348 eo
1048 4287 1078 4349 in
1099 4287 1162 4351 loco
1178 4288 1376 4350 commentaria
