2958 4918
261 349 333 422 188
416 349 626 420 GRETSERI
638 347 694 416 ET
713 348 846 417 eoam
861 349 1195 418 COMMENTARIUS

294 601 316 662 fi
342 497 584 662 Qnitsequuntur,
604 515 772 580 domenms
783 496 898 580 mensae
916 523 946 578 et
962 516 1122 600 praefectus
1133 535 1268 598 mensae,
1287 518 1358 578 satis

254 621 292 662 ῙΙΟ
335 620 389 662 Sul]

247 705 251 715 “
326 699 381 766 p.9
398 717 424 753 v.
441 697 487 752 21.
511 699 698 770 praefecturam
716 717 748 754 ac
765 700 900 770 priuatum
916 714 996 770 super
1012 698 1124 754 medem
1138 699 1235 755 ordinis
1246 699 1358 768 reliquos

257 772 360 823 constm
377 785 410 821 ex
426 767 501 822 dictis
518 768 634 838 superius
649 768 817 823 domesticum
839 768 937 824 sorbri.
970 785 1021 838 qna
1045 769 1079 822 de
1101 785 1179 824 cama
1202 769 1358 824 domatione

255 853 375 905 memes,
400 844 428 890 et
448 843 479 890 nt
503 839 638 906 Gregoras
655 837 672 892 8
692 841 709 894 7
729 839 823 902 babet,
847 831 863 892 ci
886 838 939 892 τοῦ
962 835 1128 906 ὃυμεστίκοα
1152 838 1204 908 τῆς
1219 835 1358 907 τραπέζης

253 907 306 974 τῆς
329 905 472 980 aaronem
495 903 695 974 σεμνυνόμενος
716 901 873 978 ἐπικλήσει,
898 907 1046 960 οοοιιίιλιοι·
1067 907 1090 960 is
1107 921 1182 976 ροισι
1198 907 1357 962 Paneirollus

252 975 281 1028 iu
298 975 410 1028 mntem
426 975 528 1044 imperii
545 971 697 1032 Occidentis
717 995 741 1030 e.
760 975 795 1031 11
811 983 968 1030 castrensem
983 976 1052 1030 sacri
1074 975 1166 1046 palatii
1191 983 1287 1042 vocat,
1314 976 1358 1046 qni

251 1059 365 1110 mensam
384 1044 506 1116 principis
522 1052 549 1099 et
565 1053 646 1100 tutem
664 1035 785 1116 pialatinm
808 1052 897 1109 curet,
922 1061 997 1115 quem
1022 1061 1068 1098 nos
1095 1063 1224 1115 magnaeo
1247 1046 1357 1114 hospitii

251 1117 427 1196 magistrum,
452 1115 542 1182 regiae
559 1131 662 1168 meume
678 1115 847 1168 structoribus
864 1115 1038 1185 praepositum
1054 1128 1086 1168 ao
1101 1114 1129 1168 in
1146 1121 1264 1169 caeteros
1281 1119 1355 1168 atriae

253 1199 343 1251 regiam
359 1183 486 1236 ministres
503 1184 543 1236 ins
560 1191 735 1250 exercentem,
751 1184 928 1253 conspicimus.

318 1286 344 1339 p.
363 1273 397 1324 10
414 1285 439 1322 v.
460 1271 485 1323 1.
503 1263 519 1322 ὅ
538 1262 584 1323 tet
601 1269 651 1338 vtis
666 1263 813 1338 τραπέζης]
831 1267 876 1338 qui
891 1263 1102 1336 τραπεζοκσιός,
1117 1283 1220 1322 mensae
1237 1271 1354 1322 ennete-

253 1351 307 1390 rem
333 1356 364 1391 ac
387 1337 547 1408 dapiferum,
571 1332 804 1405 vicaricatione
827 1333 890 1403 κιρί
914 1333 1051 1402 συμπόσια
1066 1337 1244 1406 παρασκευῆς
1261 1330 1355 1404 έκιμε·

251 1403 405 1474 λούμενοι,
431 1424 464 1458 ex
481 1407 612 1474 Hesycbio
627 1407 802 1474 intelligimus3
827 1408 899 1459 cuius
916 1405 997 1460 officii
1012 1405 1105 1472 titulo,
1121 1407 1172 1460 iem
1190 1422 1208 1459 a
1221 1407 1354 1460 Constan-
1453 1451 1454 1476 ,

248 1475 295 1528 tini
312 1475 485 1545 temporibus,
504 1476 615 1529 Rosciae
634 1476 773 1545 principem
789 1476 816 1528 in
832 1475 994 1546 imperatorie
1011 1476 1107 1545 palatio
1124 1475 1241 1543 gavisuro
1260 1483 1354 1530 auctor

251 1553 293 1596 est
311 1546 443 1612 Greguras
459 1545 479 1599 l.
497 1547 523 1600 t.
559 1551 587 1598 at
604 1551 674 1597 certe
690 1561 755 1596 unus
772 1551 813 1598 est
829 1545 904 1597 testis
920 1545 965 1598 ubi
983 1545 1036 1596 aits
1053 1537 1070 1597 ei
1089 1538 1121 1598 di
1136 1539 1271 1607 Ῥωσικὸς
1286 1540 1352 1614 ἦγε·

247 1608 309 1684 poio
332 1609 384 1681 τήν
407 1627 438 1666 τε
462 1609 559 1666 στάσιν
580 1611 630 1666 καί
654 1608 686 1667 τὸ
711 1608 820 1681 ἀξίωμα
843 1614 896 1668 τοῦ
919 1607 967 1668 int
982 1613 1033 1683 τῆς
1047 1608 1184 1683 τραπέζης
1200 1609 1283 1684 καρὰ
1299 1613 1354 1668 ece

253 1677 375 1752 μεγάλου
392 1677 563 1752 κεκλήρωται
578 1683 801 1738 Κωνσταντίνυυ.

140 1785 162 1834 l‘
184 1783 232 1838 191
334 1791 363 1852 p.
381 1772 420 1836 to
433 1789 459 1830 v.
475 1775 503 1834 2.
532 1770 653 1850 Magnus
670 1771 799 1852 pappias]
821 1770 941 1851 pappias
954 1768 1083 1830 absolute
1100 1775 1198 1849 pater,
1215 1775 1263 1830 est
1276 1771 1352 1832 idem

248 1856 326 1933 quod
341 1850 444 1930 κοίτας
465 1851 516 1916 sen
537 1852 672 1930 κάκκας.
698 1855 840 1916 Palladius
859 1858 888 1916 in
905 1853 1044 1917 Lansiam
1063 1857 1191 1916 Historia
1207 1858 1237 1916 in
1260 1855 1352 1916 Paulo

245 1942 385 2022 Simplici:
406 1941 459 2003 καί
473 1937 619 2016 (λέγοντος
633 1946 690 2004 coci
705 1941 794 2018 ἡλίου
809 1941 885 2022 λέγει
907 1934 992 2027 αὐτῷ
1009 1938 1028 2005 o‘
1047 1935 1226 2018 Ἀντώνιος,
1247 1945 1350 2004 κακία

243 2029 324 2107 (nam
347 2033 378 2086 et
399 2027 516 2106 simplici
534 2051 558 2088 κ
579 2025 723 2106 scribitur)
744 2026 843 2098 θέλεις
864 2019 1009 2107 φάγωμεν
1031 2023 1123 2106 έίρτου
1144 2021 1281 2109 κλέομαι
1301 2027 1349 2086 hic

244 2131 348 2173 nomen
360 2111 502 2192 palatinae
519 2111 665 2190 dignitatis
680 2118 740 2188 est,
760 2111 797 2170 de
809 2129 866 2189 qua
882 2113 1010 2172 Codinus
1023 2113 1096 2173 inira
1109 2133 1133 2172 e.
1151 2113 1179 2176 5.

312 2209 534 2264 Abbiandieutium
563 2216 591 2263 et
618 2209 811 2263 balbutientium
851 2227 1000 2279 puerorum,
1037 2217 1126 2280 patres
1162 2215 1191 2264 et
1228 2209 1347 2264 seniores

242 2278 439 2349 appellantium,
465 2297 516 2332 vox
540 2283 579 2344 est
600 2279 737 2340 κακκίας.
773 2278 923 2332 Eustatbius
944 2280 972 2332 in
996 2280 1091 2332 Iliados
1116 2280 1149 2333 52
1180 2272 1254 2332 κακοὶ
1281 2275 1345 2349 βρέ·

206 2346 208 2351 ’
241 2366 315 2416 φους
335 2344 531 2435 κροσιγοένησιν
556 2345 605 2401 καί
628 2343 700 2402 κατοὶ
728 2341 986 2416 ἄναδικλασιασμὸν
1024 2346 1137 2416 λέγομεν
1164 2343 1263 2409 κιίκας
1292 2345 1344 2401 καί

240 2417 362 2487 κακίας,
379 2433 468 2485 κατερ
480 2417 593 2470 nimirum
607 2417 674 2471 vice.
691 2417 735 2470 ille
759 2418 895 2470 monachus
913 2419 980 2486 apud
1000 2417 1141 2472 Palladium
1164 2417 1192 2470 in
1211 2416 1344 2471 Lausiacis

239 2487 343 2542 blandas
362 2486 472 2557 κακία,
496 2481 591 2548 θέλεις
607 2483 740 2555 φάγωμεν
756 2480 846 2550 ἄρτου
863 2483 987 2555 κλέομαι
1007 2494 1034 2538 et
1048 2487 1091 2538 ille
1106 2486 1186 2540 aliast
1203 2485 1233 2539 τί
1248 2489 1344 2547 λυπεῖς

238 2555 287 2610 καί
303 2551 472 2624 οίδημονιῖς,
488 2554 596 2621 κακίας
622 2574 639 2609 a
654 2554 762 2626 privetis
779 2554 896 2608 domibus
917 2563 945 2608 et
969 2555 1072 2608 familiis
1087 2554 1162 2608 aulae
1179 2555 1225 2608 ΟΡ
1241 2555 1344 2614 reddita

237 2625 370 2680 familiaris
387 2643 439 2680 vox
456 2625 534 2678 fidum
550 2633 578 2678 et
595 2625 720 2678 seniorem
737 2623 865 2691 significet
881 2624 1038 2688 ministrum,
1056 2623 1128 2677 cuius
1144 2625 1276 2678 custodiae
1294 2640 1342 2692 pa-

237 2695 327 2749 latium
345 2695 546 2748 committeretur
563 2700 590 2746 et
611 2692 754 2761 integritati
770 2693 856 2748 claves
880 2701 957 2746 noctu
975 2693 1136 2748 traderentur
1156 2693 1339 2776 prostrandus.

237 2765 277 2816 ita
293 2780 335 2816 une
351 2770 440 2816 monet
456 2762 587 2830 Georgius
610 2761 732 2816 Ceresius
755 2761 782 2814 in
801 2763 949 2831 rescriptie;
974 2779 1024 2816 uec
1047 2770 1145 2816 temere
1170 2772 1216 2816 aut
1232 2763 1340 2831 ignores

240 2831 404 2886 Conmentini
420 2847 529 2900 namque
546 2829 673 2884 Manassis
691 2830 844 2885 sustentate
867 2831 980 2889 inicitur.
1014 2825 1087 2898 κρὸς
1104 2827 1155 2885 τὸν
1178 2833 1234 2886 ταῖν
1251 2831 1338 2884 σίτων

237 2896 351 2968 φύλακα
367 2901 423 2953 τῶν
441 2893 472 2952 έν
489 2903 549 2960 τοῖς
565 2894 742 2969 ἀνακτόροις,
757 2898 866 2952 κακίαν
878 2895 990 2970 λέγομεν
1006 2893 1174 2954 rictionaro}
1189 2895 1338 2968 Ῥωμαίων

236 2971 369 3039 γλῶσσαν.
405 2968 479 3022 addit
499 2969 619 3022 Curatius
643 2970 709 3022 idem
733 2969 807 3022 aulae
824 2969 922 3022 clericis
941 2969 1108 3038 palatinisque
1126 2969 1242 3024 ecclesiis
1257 2971 1336 3023 fuisse

235 3037 427 3108 praepositum,
444 3055 475 3090 ao
492 3045 650 3107 protopapae
667 3039 930 3108 (archipresbyterum
946 3038 1072 3106 intellige)
1083 3055 1262 3110 nonuunquam
1279 3055 1336 3092 mu-

236 3123 300 3162 nere
325 3107 455 3160 donatum.
482 3107 600 3175 egregias
626 3123 684 3160 nam
708 3115 735 3160 et
759 3125 806 3176 pro
832 3107 973 3162 huiusmodi
1004 3109 1131 3162 minentis
1156 3109 1204 3162 bae
1227 3107 1335 3161 militant

236 3176 413 3231 auctoritates.
437 3174 530 3246 prima,
554 3177 641 3230 nense
662 3177 773 3229 devotae
794 3175 964 3244 imperatricis
988 3177 1014 3229 in
1039 3177 1105 3229 lecto
1123 3176 1187 3229 duee
1211 3175 1335 3244 imagines

235 3245 351 3314 repperit
365 3245 457 3315 impius
475 3246 567 3300 coniux
583 3246 638 3299 Leo
657 3245 813 3314 Ccpronymi
825 3245 907 3308 filius,
926 3245 963 3296 ait
980 3245 1126 3312 cedrenus,
1143 3263 1209 3316 quas
1227 3246 1334 3330 inquisi-

235 3315 308 3368 tione
331 3316 401 3368 fucta
427 3303 506 3380 ericen
531 3308 576 3369 ὅτι
604 3310 620 3368 d
646 3313 754 3376 κακίας
777 3315 829 3366 τοῦ
851 3313 990 3382 καλατίου
1011 3309 1178 3383 εἰσεκόμισεν
1194 3310 1333 3383 αὖταςμι

235 3383 328 3437 clerico
346 3383 435 3453 utique
451 3383 527 3436 fidem
546 3392 572 3436 et
584 3383 676 3436 cultum
694 3381 845 3452 imaginibus
862 3392 999 3448 servante,
1021 3383 1119 3448 altera,
1143 3382 1226 3438 Leoni
1244 3386 1332 3438 Arme-

232 3452 278 3506 nio
297 3470 384 3507 necem
400 3453 494 3506 illaturi
511 3451 644 3505 Michaelis
665 3452 739 3504 Brlbi
757 3452 837 3515 socii,
862 3451 1019 3506 sacerdotum
1037 3451 1170 3506 ornatibus
1196 3454 1332 3523 assumptis

231 3523 402 3592 simulataque
417 3522 549 3590 religionis
566 3521 667 3594 specie,
685 3521 757 3574 nmul
776 3537 831 3573 cum
857 3521 977 3591 palatinis
1001 3521 1101 3574 clericis
1123 3521 1259 3576 matutinas
1275 3523 1331 3576 lau-

231 3593 278 3645 des
293 3593 321 3645 in
339 3592 431 3662 palatio
450 3591 623 3646 decantaturis
640 3589 741 3644 admissi
765 3594 840 3642 sunta
868 3592 903 3644 τ’
924 3587 1004 3644 νυκτί
1030 3585 1229 3660 ὁπλισθέντες,
1251 3587 1330 3646 ἔνδο-

228 3664 284 3716 neo
301 3657 338 3714 roi
354 3659 421 3784 ξίφγ
437 3661 604 3728 φοροῦντες,
621 3659 673 3714 τοῦ
689 3657 798 3712 κακίου
821 3609 1002 3728 nongentos,
1028 3655 1066 3721 ὥς
1088 3655 1118 3712 oi
1138 3656 1237 3730 ἱερεῖς,
1259 3655 1329 3730 μετὰ

229 3730 373 3798 φιλοινίαν
390 3733 533 3800 εσῆλθυν.
558 3729 647 3800 papias
664 3729 767 3797 itaque,
791 3745 840 3782 cen
857 3745 902 3783 ecs
919 3729 1055 3782 admittere
1071 3729 1176 3794 solitus,
1193 3747 1225 3783 ex
1242 3746 1327 3783 eorum

227 3816 333 3854 rrumero
350 3801 401 3853 init
417 3817 489 3854 unns.
509 3805 537 3852 at
561 3815 616 3851 uum
639 3798 732 3868 papiae
756 3797 880 3866 dignitate
905 3797 1016 3868 promoti
1040 3798 1125 3868 (quod
1146 3800 1220 3852 nefas
1244 3800 1327 3851 eccle-

227 3867 354 3937 siasticis,
382 3876 412 3922 ut
430 3869 524 3939 optime
540 3867 643 3922 disserit
657 3873 729 3920 Anna
746 3868 889 3934 Ccmnena)
914 3867 984 3920 acies
1002 3867 1135 3920 eduxerint
1151 3866 1178 3919 in
1195 3868 1281 3921 hostes
1300 3873 1326 3919 et

124 3927 131 3946 ¹
227 3942 377 4008 frequenter
395 3953 452 3992 cum
469 3939 507 3992 eis
525 3953 613 3990 manns
631 3937 819 4006 conseruerint,
842 3939 939 3991 frustra
957 3935 1026 3988 clero
1044 3935 1211 3989 coniiciuntur
1224 3937 1323 3998 allecti3

227 4006 289 4076 quin
306 4025 323 4060 a
340 4008 407 4060 clero
426 4024 528 4091 queque
545 4005 621 4060 alieni
638 4022 724 4058 sacras
740 4006 863 4074 ilnagines
877 4005 974 4058 inferre
993 4013 1020 4057 et
1036 4005 1124 4074 palatii
1142 4012 1232 4078 pertas
1250 4006 1323 4058 cleri·

227 4077 280 4142 cis,
299 4093 349 4129 non
366 4094 470 4146 regnans
488 4092 562 4146 quam
579 4074 646 4146 ipsi,
664 4089 781 4128 reserare
799 4080 944 4145 potuerant.
980 4075 1086 4128 clericus
1105 4075 1192 4144 itaque
1202 4076 1257 4129 sive
1268 4077 1322 4127 ine·

226 4145 324 4199 rit'eeu
342 4145 417 4208 etiam
434 4143 603 4200 ecclesiastici
621 4143 717 4198 ordinis
734 4161 822 4196 exsors
840 4160 1036 4212 nonnunquam,
1056 4145 1143 4196 clares
1161 4145 1320 4214 paletiiteste

200 4257 201 4264 ,
226 4215 313 4267 Leone
330 4217 503 4268 Grammatico
521 4231 582 4268 suae
601 4214 661 4268 fidei
679 4213 866 4269 commendatas
881 4213 974 4268 tenuit.
1008 4214 1057 4266 huc
1074 4212 1129 4264 eius
1146 4213 1318 4268 verbadsela-

226 4284 328 4337 reatin
345 4284 441 4337 Basilio
458 4283 615 4338 Macedone:
646 4280 662 4341 ὁ
684 4277 866 4352 Ἀρτιίβασδος
886 4279 1043 4350 είσδραμιιν
1066 4277 1138 4346 κρές
1153 4277 1204 4336 τὸν
1215 4281 1319 4335 κακίαι

226 4349 275 4406 καὶ
291 4348 364 4420 ἄρας
379 4347 428 4405 cin'
449 4348 537 4408 αὐτοῦ
553 4349 690 4419 volenteis
706 4350 803 4421 βιαίως
818 4348 913 4423 ἤνοιξε
937 4351 977 4423 τῷ
1000 4350 1147 4423 Βασιλιίιγ·
1175 4349 1224 4407 καί
1245 4345 1328 4421 perd-¹
