3016 4906
495 340 543 412 nr
566 343 825 436 consulem.
851 343 934 412 αττ
1169 345 1242 415 ars

147 510 280 588 domicilii
296 509 360 572 loco.
401 509 444 570 r'ta
461 509 493 572 ld
510 515 574 572 tuac
594 514 712 592 accepit,
731 513 757 571 ct
773 508 983 590 patriarchicum
1003 509 1044 572 rbi
1061 507 1146 572 redsa
1160 508 1239 572 collo-
1258 511 1279 566 P
1295 511 1348 568 260

147 604 238 673 cavit,
255 602 288 658 ut
302 601 347 657 est
359 595 390 655 in
402 595 520 657 historia
533 597 647 676 politica
667 596 686 657 l.
704 601 719 660 1
737 594 924 676 Tarcograec.
936 618 964 676 p.
980 597 1029 659 15.
1062 616 1159 657 verum
1172 597 1242 656 baec

145 681 339 743 benevolentia
357 681 531 743 sultanorum
550 684 580 741 in
601 682 773 762 patriarchas
791 701 850 742 non
877 683 925 741 diu
944 680 1062 740 duravit
1103 701 1170 742 nam
1187 683 1241 742 sub

142 769 200 828 isto
218 769 281 848 ipso
297 765 457 828 Mahonrete
472 769 648 848 patriarchae
669 785 770 828 novem
786 769 969 846 exstiterunt,
994 772 1024 825 et
1037 772 1148 844 praeter
1163 767 1242 827 Gen-

143 855 278 932 nadium,
304 855 352 930 qui
372 860 475 931 sponte
496 855 597 933 cessit,
619 855 665 914 vix
683 853 755 913 ullus
778 853 833 913 fuit
858 873 942 931 quem
966 850 1177 912 calumniatores
1203 855 1240 912 ds

143 938 214 998 solio
235 957 294 998 non
315 938 464 999 daieoerint
486 940 532 999 vel
553 940 736 1000 deiiciendum
757 957 809 1018 per
826 939 930 998 Bassos
950 937 1085 997 Tuccicos
1106 939 1240 1016 curarint,

143 1025 304 1083 introducto
322 1024 406 1082 etiam
420 1025 539 1084 duorum
551 1025 655 1084 milium
668 1027 837 1084 florenorum
854 1026 973 1098 bescca'o,
988 1023 1065 1099 quod
1081 1022 1241 1101 patriarcba
1285 1097 1290 1110 ι

142 1127 239 1167 recens
260 1108 364 1168 electus
379 1109 538 1190 pendebat,
559 1117 589 1171 et
615 1129 709 1172 annuo
725 1110 833 1171 tributo
847 1110 967 1171 totidem
979 1107 1102 1187 milium,
1117 1109 1162 1168 cui
1174 1107 1240 1170 cla·
1321 1118 1324 1127 '

142 1199 230 1255 calaio
244 1214 346 1254 nomen
359 1200 429 1254 crat

227 1308 423 1370 Postcaetiam
431 1329 522 1390 usquc
530 1313 567 1372 ad
577 1312 647 1372 haec
656 1319 754 1373 nostra
762 1318 891 1394 tempora
898 1312 944 1372 vix
953 1329 1078 1390 unquam
1087 1312 1239 1391 parschis-

142 1394 248 1454 maticis
257 1415 320 1456 cum
333 1393 674 1477 schismaticopatriarcha
687 1401 749 1458 fuit.
766 1419 877 1478 semper
885 1397 1110 1477 suppullrdarnnt
1117 1398 1239 1456 aemula-
1356 1405 1358 1412 '

140 1479 232 1540 tiones
246 1482 366 1542 invidiae
380 1490 410 1544 et
423 1483 548 1544 occultae
559 1485 702 1544 machinae
713 1486 752 1545 ad
761 1485 843 1547 buius
852 1484 1112 1556 velilliusexitium3
1128 1489 1160 1542 ut
1170 1483 1239 1542 mibi

140 1566 268 1625 videatur
282 1586 341 1646 non
356 1569 423 1627 siue
433 1569 548 1628 consilio
568 1571 662 1630 divino
680 1571 757 1629 edita
776 1589 839 1630 csse
853 1570 884 1628 in
898 1568 1105 1648 ancograecia
1120 1569 1239 1630 historia

140 1651 255 1728 politica
268 1657 298 1711 et
311 1653 496 1714 ecclesiastica
512 1673 562 1713 seu
575 1656 759 1732 patriarchica
772 1675 866 1716 rernm
879 1654 1109 1733 (lpolitanarmn‚
1129 1673 1165 1713 ex
1179 1672 1237 1730 qua

140 1737 287 1814 perspicue
307 1737 399 1796 elnoet
415 1738 606 1797 schismaticos
628 1758 686 1796 non
700 1739 786 1797 modo
806 1758 870 1797 cum
882 1757 1013 1817 supremo
1025 1739 1177 1798 catholicae
1190 1758 1238 1797 ec-

139 1819 241 1879 clesiae
260 1821 353 1898 capite
365 1841 417 1901 per
429 1824 575 1882 caritatem
588 1823 751 1882 coniunctos
764 1842 823 1882 non
833 1842 910 1903 esse,
932 1825 1009 1900 quod
1028 1843 1080 1902 per
1093 1842 1123 1880 se
1138 1823 1238 1898 liquat,

139 1907 192 1962 sed
205 1924 257 1964 nec
268 1906 343 1964 inter
356 1925 405 1986 se,
424 1927 487 1967 cum
503 1908 557 1966 sub
571 1909 735 1985 gravissima
748 1907 900 1967 infidelium
913 1909 1047 1967 servitute
1059 1913 1158 1966 mutuo
1172 1927 1237 1966 sese

137 1990 215 2050 miris
230 1991 362 2050 cuniculis
375 1993 525 2071 infestent,
550 2001 581 2052 et
599 1995 685 2052 modo
698 1995 773 2054 hunc
788 1994 873 2054 modo
885 1993 963 2053 illum
979 1993 1009 2052 in
1022 1992 1236 2070 patriarchalem
1321 1989 1324 1996 ⁴

138 2075 272 2218 tllnonmn
285 2076 440 2138 Turcanrm
456 2097 512 2161 ope
523 2078 679 2139 sublevent.
705 2079 781 2140 valet
794 2079 923 2140 nimirum
935 2079 981 2139 bic
992 2078 1076 2138 illud:
1092 2079 1140 2155 qni
1156 2083 1236 2157 poto,

136 2179 202 2240 pas
215 2168 308 2240 urget.

220 2261 364 2322 Phranzes
375 2262 508 2322 chronici
526 2264 601 2328 319
618 2263 705 2323 ferme
723 2264 879 2327 accuratius
892 2281 998 2326 morem
1011 2261 1170 2324 declarandi
1183 2280 1235 2342 pa-

137 2347 287 2407 triarcbarn
303 2347 338 2408 ab
349 2348 521 2428 imperatore
535 2347 668 2407 describit
682 2367 767 2425 quam
783 2350 919 2409 Codinus.

205 2479 233 2533 p.
246 2463 296 2517 102
312 2481 339 2517 r.
349 2463 376 2518 7.
393 2455 409 2516 d
428 2454 555 2532 βασιλείς
566 2455 625 2516 ἀπὸ
642 2457 763 2533 τούτων]
787 2463 820 2517 ad
836 2461 911 2516 trium
930 2463 1068 2516 electorum
1083 2459 1187 2513 tertium
1206 2458 1235 2512 in
1307 2499 1312 2508 .

135 2530 306 2600 patriarcham
317 2530 493 2585 nominandum
505 2547 555 2583 non
570 2529 606 2586 tto
623 2536 741 2586 coartata
756 2532 919 2603 imperatoris
934 2532 1059 2595 libertas,
1074 2529 1136 2599 quin
1155 2526 1235 2582 omis-

123 2597 170 2652 ‘sis
189 2599 363 2670 episcoporum
380 2597 578 2668 snffmgiissum
594 2617 669 2669 quem
684 2602 778 2667 vellat,
794 2601 975 2655 consuetudins
991 2597 1169 2670 permittento,
1187 2597 1235 2648 dc·

135 2669 238 2736 signare
257 2670 377 2740 potuerit
408 2668 541 2722 Blastares
557 2669 609 2732 τοῦ
626 2673 655 2724 Κ
669 2671 806 2739 στοιχείου
831 2689 856 2727 c.
876 2671 925 2726 sar
950 2669 1006 2736 τῶν
1028 2663 1080 2738 γὰρ
1104 2661 1233 2721 κανόνων
1299 2707 1301 2715 .

134 2739 192 2791 τῶν
207 2732 258 2800 τίς
274 2731 429 2792 ἐπισκόπων
445 2732 561 2805 ψήφους
577 2741 637 2802 τοῖς
658 2731 820 2801 inconcisam
838 2742 899 2800 τοῖς
925 2731 1058 2807 ἐπαρχίας
1079 2731 1200 2790 ductant
1218 2765 1232 2811 '.

133 2803 209 2873 stov,
225 2803 340 2875 ἄρχοντι
357 2801 389 2860 dl
406 2805 507 2876 μηδενί
526 2802 633 2861 τούτων
649 2801 663 2861 l
679 2811 758 2876 εἶναι,
766 2812 911 2863 κοινωνεῖν
925 2806 1111 2874 κελευόντων,
1135 2798 1166 2857 ol
1199 2822 1232 2855 α-

133 2878 219 2937 ostric
233 2876 282 2931 aul
306 2876 357 2944 τῆς
378 2873 479 2944 ψήφου
502 2877 558 2930 τῶν
579 2870 737 2932 ἐπισκυνίων
756 2875 840 2947 χωρίς
855 2873 904 2932 καί
918 2872 1091 2946 πατριάρχας
1107 2871 1156 2928 καὶ
1186 2891 1231 2924 νιτ-

132 2940 256 3026 caducos
270 2939 486 3015 προβάλλονται.
506 2939 555 2998 dccl
571 2946 641 3014 γοῦν
655 2945 759 3015 τοῦτο,
775 2942 812 3008 ὥς
828 2941 914 3031 locust
931 2938 979 2998 ἐπὶ
994 2964 1010 2998 τ
1023 2944 1035 2959 ”
1052 2943 1162 3014 βασιλεῖ
1172 2943 1232 3027 prr-

132 3017 205 3083 2ocql.
221 3015 273 3067 rori
288 3015 387 3068 Λοῦκα
403 3009 418 3068 ὃ
436 3011 640 3084 μητροπολίτης
656 3007 760 3076 ἐκεῖνος
775 3014 864 3084 Σίδης
879 3034 915 3072 τα
936 3015 986 3082 τῆς
1003 2961 1141 3086 &assulas
1158 3028 1232 3078 pao-

132 3078 550 3214 c'aratt‘ulc‘t
564 3075 1232 3219 roccaromanacarrara

131 3214 260 3286 ίνέργησε
275 3171 413 3282 δουλείας.
430 3171 494 3275 scine
507 3237 601 3292 operas
619 3170 798 3294 irinio'iirmm
814 3237 897 3290 aequs
913 3238 944 3275 ac
955 3171 1104 3272 ratiotionem
1120 3218 1234 3290 impera-

132 3287 198 3340 toris
216 3287 375 3356 dispositioni
387 3289 516 3344 subiactus
532 3290 653 3345 adulante
677 3306 753 3362 snpra
778 3290 879 3343 modum
902 3289 998 3342 calamo
1021 3285 1111 3340 scribit
1127 3289 1232 3340 Blasto-

132 3374 184 3414 res.
202 3355 235 3408 dc
252 3355 297 3408 ΟΡ
315 3355 515 3425 patriarcharum
539 3359 666 3412 electione
683 3366 711 3413 at
731 3357 929 3426 inauguratione
952 3355 1030 3410 docto
1047 3355 1233 3428 praeclarequa¹

131 3424 313 3478 illustrissimus
344 3423 478 3494 episcopus
504 3427 643 3482 vabrensis
671 3446 703 3483 so
749 3427 862 3484 cassula,
880 3426 956 3496 digno
977 3420 1174 3497 Ἅρχιτρατικρῖ.
1197 3425 1230 3477 da

131 3494 208 3550 trium
225 3494 350 3548 electione
365 3493 484 3547 iacienda
499 3496 684 3552 accmstiorsm
701 3445 780 3550 balat
794 3495 967 3550 narrationem
981 3512 1008 3565 p.
1028 3496 1079 3550 481
1097 3500 1125 3547 st
1141 3507 1198 3564 sqq.

146 3667 154 3684 ·
173 3666 181 3683 ι
198 3597 235 3653 ib.
256 3613 282 3651 r.
295 3593 338 3655 15.
355 3592 467 3680 prlvppu
482 3611 659 3680 nonnumquam
675 3597 851 3683 optimodium
871 3597 980 3683 domm,
1004 3594 1140 3666 aliquando
1156 3593 1229 3714 pribq-

130 3665 865 3820 tbatttffltb'fftqttttttalttitt.
877 3667 1029 3792 tttb'a
1034 3667 1229 3856 §illm

130 3807 242 3930 tttlt
264 3803 1228 3960 {iuliroffialtiliiiqrilirl‘illir„limitabit
1332 3901 1334 3906 .

131 3938 224 4018 αὐτῷ,
269 3961 321 4014 την
337 3943 390 3995 τοῦ
403 3942 545 4013 Καίσαρος
561 3937 644 4009 ἀξίαν
659 3961 748 4016 consp
766 3937 907 4015 ἐχαρίζετο
922 3949 974 3996 cto.

199 4065 224 4117 p.
237 4047 287 4102 103
300 4061 328 4100 r.
338 4046 364 4099 2.
382 4040 492 4114 θρόνον
507 4039 658 4116 ἠτρανίον]
678 4047 760 4100 bonor
783 4052 811 4102 et
834 4047 906 4101 color
922 4043 1004 4115 qualis
1019 4044 1128 4100 Caesari
1143 4044 1227 4116 patri-

128 4115 222 4170 archas
238 4114 377 4179 tribuitnr;
393 4131 425 4167 ac
443 4130 498 4168 eam
514 4118 603 4169 forsan
620 4116 654 4169 ob
670 4117 723 4171 ram
735 4117 790 4172 sius
807 4113 1001 4188 proclamationi
1011 4131 1041 4171 sa
1055 4115 1153 4169 caesar
1163 4117 1226 4168 sub-

126 4185 216 4243 trabit.
232 4184 293 4238 vide
309 4181 418 4237 dicanda
430 4183 464 4239 ad
475 4201 500 4239 v.
514 4185 549 4240 15
560 4191 586 4238 ct
595 4199 652 4256 sqq.

196 4286 232 4338 ib.
249 4305 274 4341 v.
287 4288 314 4341 6.
331 4281 494 4342 ἀνίστανται
511 4281 680 4357 ἆμφότεροι]
696 4293 782 4344 mutuo
807 4305 854 4342 nac
879 4305 930 4342 non
954 4287 1055 4360 aequali
1079 4288 1177 4342 honoro
1197 4304 1226 4338 sc

129 4354 215 4410 colunt
231 4353 370 4427 imperator
385 4363 412 4433 qt
429 4356 592 4430 patriarcha3
609 4356 718 4427 dumque
734 4357 784 4412 sibi
798 4357 907 4414 ioricam
924 4364 1077 4430 assurgunt,
1095 4357 1151 4429 pari
1168 4373 1227 4410 sese
