2942 4916
263 349 338 423 noo
414 341 626 419 cnarsnnr
644 347 700 415 nr
718 345 852 416 corni
868 310 1202 418 coniurauimus

260 507 320 568 titia
344 507 469 598 odocpori
490 511 562 567 vices
582 496 697 577 bbtinet,
722 509 771 582 qui
789 507 873 564 hierii
889 509 960 566 tertii
979 513 1050 578 temp
1051 527 1097 565 ore
1115 509 1183 564 circa
1200 507 1245 563 GP
1264 511 1362 580 captain

261 577 454 666 mancipentur
475 577 607 655 σιβιισιός
627 581 737 672 ridicule
759 580 895 650 audiebat,
919 581 984 636 luris
1000 581 1099 653 unp.
1120 579 1206 635 285
1196 595 1224 633 ιιι
1244 595 1364 648 suprema

261 652 385 722 margine

346 773 375 835 p.
392 757 471 824 12v
489 757 534 818 19.
569 751 620 818 tot
644 755 702 818 cori
725 751 903 818 κανακλείοιι
921 743 974 834 ἦν]
1001 751 1075 812 male
1104 751 1219 812 Iunius:
1250 751 1365 812 σαιιιιιιι

172 876 182 893 ι
261 844 635 920 ιοιιιιιηροιαιοιιιριαιιιιιι
652 845 731 918 atquc
748 839 897 900 oclebotrcr.
930 857 1029 897 sensus
1044 857 1125 897 verus
1144 845 1191 896 cst
1213 855 1302 914 quem
1320 855 1364 895 en-

261 927 368 1008 pressi:
389 931 471 986 unta
482 927 557 984 enim
567 931 628 983 erat
642 922 763 983 canaclei
776 924 900 1001 dignitas
918 929 952 982 ut
965 929 1063 1003 posset
1076 924 1226 1001 impetrare
1240 923 1302 982 filio
1316 941 1363 980 suo

261 1013 346 1072 filiam
356 1011 530 1090 imperatoris
544 1016 574 1070 et
587 1011 660 1069 filiae
679 1011 772 1068 filiurn.
801 1008 958 1088 exemplum
974 1009 1099 1069 invenies
1117 1010 1194 1087 apud
1209 1008 1365 1086 Gregoram

260 1097 279 1156 l.
293 1103 313 1164 7
328 1103 357 1156 et
368 1097 597 1155 Cantacuacnum
610 1095 629 1157 l.
647 1099 674 1158 1.
690 1095 805 1154 Graccis
819 1096 901 1154 unico
915 1095 1051 1154 vocabulo
1065 1095 1167 1152 <licitur
1179 1094 1365 1156 nuouutalorv

261 1183 410 1244 cunccleus.
432 1183 510 1260 apud
524 1181 698 1260 Tyrium22
713 1185 732 1246 6
747 1182 900 1262 punocliaus
912 1180 1086 1260 appellatur,
1099 1185 1133 1238 ut
1146 1179 1215 1238 etin
1228 1177 1365 1256 Ligurino

263 1268 404 1328 Guntheri
416 1267 434 1326 l.
445 1271 485 1330 8:
505 1267 604 1326 Gracci
617 1269 778 1344 cognatiori
791 1286 842 1325 usu
853 1267 912 1326 hinc
931 1266 1078 1326 caniclinus
1093 1273 1167 1340 erat,
1186 1265 1263 1324 uobis
1282 1281 1365 1324 turno

262 1353 352 1412 runos
373 1352 442 1412 idem
457 1369 511 1412 csso
526 1357 618 1430 potest.
661 1350 818 1411 Radevicus
834 1345 1022 1410 carcedonum
1038 1351 1243 1428 interpretatur
1262 1347 1282 1410 l
1300 1349 1364 1412 1dc

263 1439 351 1517 gestis
363 1437 496 1496 Friderici
509 1435 580 1516 Imp.
591 1457 614 1496 c.
630 1435 687 1501 47·
709 1455 779 1496 unus
793 1437 825 1496 dc
839 1440 922 1496 ceron
928 1436 1048 1514 palatii,
1068 1435 1225 1494 conoclinns
1235 1435 1365 1510 uidelicet,

263 1543 339 1604 quem
348 1543 395 1581 nos
411 1523 598 1583 cancellarium
616 1521 702 1581 dicere
713 1541 862 1599 possumus.
882 1541 979 1580 verum
987 1538 1039 1579 nec
1055 1522 1221 1578 camerarius
1235 1539 1291 1579 nec
1304 1537 1366 1578 narr·

263 1607 390 1667 cellarius
407 1613 485 1684 erat,
510 1609 562 1666 sed
582 1607 687 1666 ordinis
712 1607 797 1685 longe
820 1606 942 1666 celsioris
964 1615 994 1665 et
1009 1606 1187 1682 augustioris.
1206 1613 1272 1665 erat
1287 1624 1365 1664 cana-

264 1683 354 1752 cleum
364 1692 591 1768 angustissimum
608 1695 638 1751 et
656 1693 958 1770 magnificentissimum
971 1691 1122 1773 palatium,
1139 1711 1184 1750 cur
1175 1691 1256 1750 s'ub
1272 1690 1365 1750 Theo-

264 1778 372 1858 philo
364 1783 483 1856 imperat
484 1798 532 1838 ore
562 1779 742 1838 iconomacho
767 1776 880 1838 caniciei
904 1777 988 1836 titulo
1020 1781 1149 1876 praeerat
1172 1775 1366 1852 Theoctistus,

263 1869 347 1924 tanta
366 1865 457 1942 gratia
471 1866 548 1942 apud
565 1863 755 1943 Theophilum
771 1863 880 1942 pollens
902 1868 935 1920 ut
954 1863 1035 1938 qnasi
1054 1861 1195 1922 secundus
1214 1863 1366 1942 imperator

264 1954 434 2026 esset,t
376 1954 451 2008 teste
471 1943 585 2008 Zonara
604 1951 634 2009 in
657 1949 684 2007 Τ
686 1949 824 2027 heophilo
841 1950 1004 2006 adiunctum
1021 1953 1082 2006 crat
1103 1947 1229 2006 eiusdem
1249 1947 1366 2008 nominis

262 2035 503 2112 monasterium,
496 2054 525 2093 ru
540 2036 618 2111 quod
631 2033 806 2113 Nicephorns
821 2035 878 2092 Bot
866 2034 986 2092 toniates
996 2031 1086 2091 Alexii
1099 2033 1238 2092 Comneni
1258 2041 1289 2093 et
1303 2033 1366 2092 alio-

233 2164 235 2166 -
263 2139 328 2178 rum
353 2120 559 2178 coniuratorum
580 2125 782 2190 matremetc
766 2120 899 2198 coniuges
925 2120 1102 2198 amandavit,
1123 2123 1157 2177 ut
1175 2119 1275 2178 scribit
1291 2121 1365 2222 idern

264 2204 414 2265 Zonaras
406 2224 436 2264 ιιι
446 2203 544 2265 Alexio
561 2206 715 2266 Cnmneno.

350 2303 396 2366 De
420 2304 541 2366 canicleo
568 2325 618 2368 seu
646 2307 788 2385 praefecto
819 2307 941 2382 caniciei,
956 2307 1082 2366 Codinus
1106 2302 1365 2386 p.1⁸ledInn.:

226 2423 233 2434 ·
267 2387 356 2454 diet
376 2395 433 2454 cori
452 2393 622 2455 novant-stou
643 2388 820 2472 ὀχούμενος,
851 2411 926 2469 equo
953 2393 1058 2452 scilicet
1086 2391 1133 2474 vel,
1160 2389 1214 2468 alio
1242 2388 1364 2448 vehiculo

262 2476 340 2536 intra
361 2475 453 2536 aulam
475 2477 667 2558 Cpolitnnam3
691 2480 769 2555 quod
789 2477 857 2536 nulli
878 2479 959 2538 alteri
974 2494 1145 2538 concessum.
1187 2493 1295 2552 magna
1308 2479 1364 2531 crat

264 2563 407 2642 dignitas,
435 2565 513 2622 cuius
535 2565 640 2643 passim
660 2565 692 2623 fit
712 2565 818 2622 mentio
839 2565 917 2642 apud
936 2564 1084 2623 historicos
1106 2563 1240 2622 Graecos.
1286 2561 1365 2619 Ioan-

143 2707 153 2725 ‚
263 2665 315 2705 nes
337 2648 510 2727 Curopalata
526 2649 556 2708 in
577 2649 713 2708 Michaele
731 2649 880 2708 Rancabe:
912 2653 1016 2709 animae
1044 2648 1172 2728 quosdam
1193 2645 1317 2706 maculas
1333 2647 1364 2702 si-

241 2803 243 2808 ,
263 2731 350 2792 molat
364 2753 392 2794 sc
409 2734 516 2810 quidum
536 2735 660 2810 religioso
681 2734 813 2812 explicare
831 2735 896 2793 oolla
912 2755 961 2812 per
986 2735 1183 2807 Theoctistom,
1217 2750 1295 2810 quem
1320 2749 1365 2810 po-

264 2822 324 2894 stea
345 2817 457 2878 coniclci
476 2819 610 2894 dignitate
634 2820 780 2882 ιοιιοιαυιι.
825 2821 923 2879 eadem
936 2819 972 2878 de
986 2819 1099 2877 caniciei
1112 2817 1256 2896 praefecto
1273 2815 1365 2874 Theo·

264 2901 349 2960 ctisto
374 2902 537 2980 cedrenus,
558 2903 607 2961 ubi
627 2904 664 2962 de
685 2905 771 2964 caede
790 2901 895 2964 Leonis
916 2903 1032 2964 Armeni
1051 2905 1120 2984 agit.
1162 2901 1237 2974 idern
1262 2902 1364 2959 Cedro·

264 3005 319 3044 uus
339 2987 437 3050 scribit
457 2989 548 3047 occiso
568 2989 713 3068 praedicto
735 2989 902 3049 Theoctisto
923 3009 941 3048 a
963 2991 1072 3069 Barda,
1100 2988 1223 3046 Bardam
1245 2987 1365 3064 dignita-

264 3076 324 3130 tem
345 3072 497 3132 caniciei'
489 3093 519 3131 ru
548 3093 580 3132 se
612 3075 796 3135 transtulisse.
840 3074 1040 3153 Curopalata
1033 3095 1063 3134 ιιι
1084 3073 1176 3132 Const
1163 3073 1275 3131 tantino
1295 3070 1366 3129 Leo·

264 3157 309 3216 nis
331 3156 403 3216 filio:
422 3157 506 3236 poulo
519 3165 580 3238 port
596 3163 691 3220 misas
712 3168 751 3220 est
766 3162 800 3220 ob
821 3164 947 3236 Augusto
965 3163 1100 3242 patricius
1118 3157 1242 3217 Basilius
1258 3155 1368 3216 caniciei

259 3243 424 3321 praefectus.
480 3244 518 3302 de
548 3244 648 3304 eodem
674 3246 787 3305 caniciei
812 3247 954 3325 praefecto
980 3244 1150 3304 Theoctisto
1119 3241 1345 3302 Ztonaras'
1338 3258 1365 3296 ιιι

265 3325 425 3418 Theophilp
447 3328 629 3408 imperatore·
659 3350 769 3392 usonem
794 3338 819 3390 et
846 3331 959 3390 coniciet
974 3331 1141 3410 praefectum
1162 3329 1275 3388 multum
1297 3326 1366 3384 olte-

263 3417 353 3472 status
372 3420 411 3474 est
411 3390 628 3495 (Theophilus)
642 3437 675 3476 oe
684 3423 838 3495 poterentur
851 3417 1034 3476 vennondos'
1021 3418 1151 3518 cangium
1162 3416 1262 3494 reponi.
1294 3411 1365 3470 idem

180 3559 183 3569 ,
264 3497 420 3558 Zonaras
412 3518 441 3557 ιιι
462 3499 561 3560 Alexio
581 3502 743 3582 comneno:
767 3500 890 3562 Comucuc'
908 3503 984 3561 rebor
1004 3505 1061 3560 suis
1082 3503 1137 3560 iam
1158 3501 1269 3558 intuto
1290 3495 1366 3558 collo-

265 3588 353 3659 catis,
382 3591 491 3645 motmm
512 3593 537 3645 et
559 3591 682 3670 pertinges
704 3587 738 3650 la
758 3591 815 3667 τῆς
837 3589 1003 3666 porrigenti
1023 3585 1220 3658 κανακιειου,
1252 3601 1288 3642 ea·
1314 3600 1365 3639 mu·

264 3673 380 3729 nasterio
401 3671 522 3748 caniciei,
542 3671 705 3748 altegiam
726 3675 925 3732 accern'oernnt.
967 3671 1016 3728 ubi
1036 3670 1155 3732 Wolfius
1175 3670 1316 3746 interpres
1335 3683 1365 3722 cr

266 3755 382 3815 conicleo
408 3759 572 3816 monasterio.
615 3776 649 3815 ex
678 3775 735 3833 qua
764 3758 891 3816 versione
918 3757 1054 3835 suspicari
1083 3757 1146 3832 quis
1175 3758 1274 3833 posset
1293 3751 1365 3812 cani-

266 3839 354 3900 cleum
375 3841 462 3900 fuisse
481 3843 690 3918 monasterium,
711 3844 823 3902 tametsi
844 3844 976 3901 adiuncto
998 3841 1119 3920 palatio:
1141 3859 1206 3900 narn
1227 3843 1364 3897 monaste

265 3926 330 4002 riis,
350 3927 515 3986 nominatim
533 3927 561 3996 ei
584 3928 661 4002 quod
681 3927 859 4017 Hodegptria
878 3927 1085 4005 nominabatur,
1108 3931 1138 3986 et
1161 3925 1275 4003 temphs
1288 3940 1364 4001 prae-

265 4011 371 4089 cipuis,
391 4019 425 4070 ut
445 4007 666 4089 Blacherniano,
690 4014 915 4091 adiungebantnr
937 4012 1056 4090 palatia,
1076 4013 1107 4070 in
1127 4011 1229 4088 quibus
1250 4010 1364 4088 impera-

265 4101 342 4154 tores
362 4094 406 4154 vel
427 4098 494 4175 piet
474 4098 540 4156 tatis
560 4098 604 4156 vel
617 4099 795 4158 recreationis
808 4116 892 4158 causa
906 4098 1058 4175 aliquando
1070 4096 1221 4157 versabant
1222 4115 1262 4154 ur,
1304 4094 1365 4152 hinc

265 4179 363 4238 lunius
392 4203 446 4244 τον
475 4181 525 4244 ἐπὶ
553 4186 609 4244 τοῦ
632 4186 802 4247 κανικλείου
829 4190 913 4263 putat
933 4183 1066 4264 praefect
1067 4203 1114 4241 um
1139 4183 1226 4242 fuisse
1246 4179 1314 4239 arcis
1335 4182 1362 4234 et

265 4266 426 4324 monasterii
448 4265 503 4326 hoc
522 4269 634 4328 nomine
647 4269 677 4328 in
689 4270 760 4329 urbe
775 4270 934 4350 Cpolitana
977 4288 1050 4346 quae
1062 4269 1117 4328 suit
1130 4269 1215 4326 etiam
1228 4264 1362 4336 sententio

266 4349 403 4410 Wolfii'
395 4370 425 4410 ιιι
458 4352 549 4411 indice
579 4355 617 4412 ad
650 4355 800 4417 Zonaram.
842 4356 1003 4433 cuuiclcum,
1041 4355 1149 4433 inquit,
1184 4353 1362 4414 monostenum
