<?xml version="1.0" encoding="UTF-8"?>
<!DOCTYPE html PUBLIC "-//W3C//DTD XHTML 1.0 Transitional//EN"
    "http://www.w3.org/TR/xhtml1/DTD/xhtml1-transitional.dtd">
<html xmlns="http://www.w3.org/1999/xhtml" xml:lang="en" lang="en">
 <head>
  <title>
</title>
<meta http-equiv="Content-Type" content="text/html;charset=utf-8" />
  <meta name='ocr-system' content='tesseract 3.04.00' />
  <meta name='ocr-capabilities' content='ocr_page ocr_carea ocr_par ocr_line ocrx_word'/>
</head>
<body>
  <div class='ocr_page' id='page_1' title='image "./deofficialibusp01bekkgoog/deofficialibusp01bekkgoog_0366.png"; bbox 0 0 3034 4916; ppageno 0'>
   <div class='ocr_carea' id='block_1_1' title="bbox 485 310 1241 386">
    <p class='ocr_par' dir='ltr' id='par_1_1' title="bbox 485 310 1241 386">
     <span class='ocr_line' id='line_1_1' title="bbox 485 310 1241 386; baseline 0.003 -4"><span class='ocrx_word' id='word_1_1' title='bbox 485 312 530 382; x_wconf 87' lang='grc' dir='ltr'>ΙΝ</span> <span class='ocrx_word' id='word_1_2' title='bbox 551 310 701 382; x_wconf 79' lang='lat' dir='ltr'>comm</span> <span class='ocrx_word' id='word_1_3' title='bbox 721 312 807 382; x_wconf 77' lang='lat' dir='ltr'><strong>CAP.</strong></span> <span class='ocrx_word' id='word_1_4' title='bbox 828 313 909 384; x_wconf 81' lang='lat' dir='ltr'>XV.</span> <span class='ocrx_word' id='word_1_5' title='bbox 1167 311 1241 386; x_wconf 81' lang='grc'>345</span> 
     </span>
    </p>
   </div>
   <div class='ocr_carea' id='block_1_2' title="bbox 140 473 1262 1509">
    <p class='ocr_par' dir='ltr' id='par_1_2' title="bbox 140 473 1262 1509">
     <span class='ocr_line' id='line_1_2' title="bbox 143 473 1243 562; baseline 0 -30"><span class='ocrx_word' id='word_1_6' title='bbox 143 475 181 532; x_wconf 87' lang='lat' dir='ltr'>alt</span> <span class='ocrx_word' id='word_1_7' title='bbox 197 477 356 544; x_wconf 61' lang='lat' dir='ltr'>(trebetas,</span> <span class='ocrx_word' id='word_1_8' title='bbox 373 475 420 544; x_wconf 77' lang='lat' dir='ltr'>pul</span> <span class='ocrx_word' id='word_1_9' title='bbox 435 480 526 530; x_wconf 80' lang='lat' dir='ltr'>notans</span> <span class='ocrx_word' id='word_1_10' title='bbox 543 475 629 530; x_wconf 83' lang='lat' dir='ltr'>babet.</span> <span class='ocrx_word' id='word_1_11' title='bbox 645 476 745 548; x_wconf 81' lang='lat' dir='ltr'><strong>profert</strong></span> <span class='ocrx_word' id='word_1_12' title='bbox 764 489 836 542; x_wconf 86' lang='lat' dir='ltr'>eam,</span> <span class='ocrx_word' id='word_1_13' title='bbox 853 491 904 530; x_wconf 92' lang='lat' dir='ltr'>non</span> <span class='ocrx_word' id='word_1_14' title='bbox 919 473 1064 542; x_wconf 84' lang='lat' dir='ltr'>inerudite,</span> <span class='ocrx_word' id='word_1_15' title='bbox 1086 485 1126 529; x_wconf 89' lang='lat' dir='ltr'>me</span> <span class='ocrx_word' id='word_1_16' title='bbox 1141 474 1243 562; x_wconf 73' lang='lat' dir='ltr'>quidem</span> 
     </span>
     <span class='ocr_line' id='line_1_3' title="bbox 143 544 1244 614; baseline 0.001 -15"><span class='ocrx_word' id='word_1_17' title='bbox 143 544 244 610; x_wconf 90' lang='lat' dir='ltr'>iudice,</span> <span class='ocrx_word' id='word_1_18' title='bbox 263 545 335 598; x_wconf 85' lang='lat' dir='ltr'>editis</span> <span class='ocrx_word' id='word_1_19' title='bbox 352 545 472 614; x_wconf 89' lang='lat' dir='ltr'>operibus</span> <span class='ocrx_word' id='word_1_20' title='bbox 489 545 537 598; x_wconf 85' lang='lat' dir='ltr'>ianr</span> <span class='ocrx_word' id='word_1_21' title='bbox 555 546 639 599; x_wconf 86' lang='lat' dir='ltr'>clerus</span> <span class='ocrx_word' id='word_1_22' title='bbox 655 550 743 599; x_wconf 88' lang='lat' dir='ltr'>noster</span> <span class='ocrx_word' id='word_1_23' title='bbox 758 545 911 600; x_wconf 79' lang='lat' dir='ltr'>Francisous</span> <span class='ocrx_word' id='word_1_24' title='bbox 925 545 1055 602; x_wconf 79' lang='lat' dir='ltr'>Combefis</span> <span class='ocrx_word' id='word_1_25' title='bbox 1065 545 1133 599; x_wconf 85' lang='lat' dir='ltr'>notis</span> <span class='ocrx_word' id='word_1_26' title='bbox 1147 563 1174 600; x_wconf 85' lang='lat' dir='ltr'>ro</span> <span class='ocrx_word' id='word_1_27' title='bbox 1187 547 1244 600; x_wconf 82' lang='lat' dir='ltr'>En-</span> 
     </span>
     <span class='ocr_line' id='line_1_4' title="bbox 144 613 1245 686; baseline 0.001 -19"><span class='ocrx_word' id='word_1_28' title='bbox 144 615 251 668; x_wconf 73' lang='lat' dir='ltr'>comium&#39;</span> <span class='ocrx_word' id='word_1_29' title='bbox 266 615 291 666; x_wconf 91' lang='lat' dir='ltr'>iu</span> <span class='ocrx_word' id='word_1_30' title='bbox 308 613 490 683; x_wconf 73' lang='lat' dir='ltr'><strong>depositionem</strong></span> <span class='ocrx_word' id='word_1_31' title='bbox 508 631 590 668; x_wconf 81' lang='lat' dir='ltr'>zonae</span> <span class='ocrx_word' id='word_1_32' title='bbox 604 613 708 682; x_wconf 85' lang='lat' dir='ltr'>virginis</span> <span class='ocrx_word' id='word_1_33' title='bbox 725 613 846 684; x_wconf 75' lang='lat' dir='ltr'>deiparae</span> <span class='ocrx_word' id='word_1_34' title='bbox 863 613 1009 685; x_wconf 71' lang='lat' dir='ltr'><strong>propediem</strong></span> <span class='ocrx_word' id='word_1_35' title='bbox 1027 616 1106 668; x_wconf 85' lang='lat' dir='ltr'>lucem</span> <span class='ocrx_word' id='word_1_36' title='bbox 1123 622 1245 686; x_wconf 86' lang='lat' dir='ltr'>aspectu-</span> 
     </span>
     <span class='ocr_line' id='line_1_5' title="bbox 142 682 1244 756; baseline 0.001 -19"><span class='ocrx_word' id='word_1_37' title='bbox 142 700 207 738; x_wconf 89' lang='lat' dir='ltr'>rum.</span> <span class='ocrx_word' id='word_1_38' title='bbox 225 682 319 736; x_wconf 91' lang='lat' dir='ltr'>mentio</span> <span class='ocrx_word' id='word_1_39' title='bbox 338 683 387 748; x_wconf 89' lang='lat' dir='ltr'>fit,</span> <span class='ocrx_word' id='word_1_40' title='bbox 405 683 458 748; x_wconf 84' lang='lat' dir='ltr'>sit,</span> <span class='ocrx_word' id='word_1_41' title='bbox 477 683 511 736; x_wconf 88' lang='lat' dir='ltr'>de</span> <span class='ocrx_word' id='word_1_42' title='bbox 528 683 724 738; x_wconf 76' lang='lat' dir='ltr'>blachernarum</span> <span class='ocrx_word' id='word_1_43' title='bbox 740 683 849 756; x_wconf 76' lang='lat' dir='ltr'>templo,</span> <span class='ocrx_word' id='word_1_44' title='bbox 874 683 902 735; x_wconf 91' lang='lat' dir='ltr'>in</span> <span class='ocrx_word' id='word_1_45' title='bbox 937 700 970 736; x_wconf 91' lang='lat' dir='ltr'>uo</span> <span class='ocrx_word' id='word_1_46' title='bbox 987 682 1063 736; x_wconf 86' lang='lat' dir='ltr'>etiam</span> <span class='ocrx_word' id='word_1_47' title='bbox 1087 693 1143 738; x_wconf 82' lang='lat' dir='ltr'>eret</span> <span class='ocrx_word' id='word_1_48' title='bbox 1160 685 1244 755; x_wconf 89' lang='lat' dir='ltr'>portio</span> 
     </span>
     <span class='ocr_line' id='line_1_6' title="bbox 141 751 1245 823; baseline 0.004 -20"><span class='ocrx_word' id='word_1_49' title='bbox 141 752 267 821; x_wconf 83' lang='lat' dir='ltr'>quaedem</span> <span class='ocrx_word' id='word_1_50' title='bbox 283 751 351 806; x_wconf 85' lang='lat' dir='ltr'>illius</span> <span class='ocrx_word' id='word_1_51' title='bbox 365 769 467 820; x_wconf 79' lang='lat' dir='ltr'>aenne,</span> <span class='ocrx_word' id='word_1_52' title='bbox 489 751 563 806; x_wconf 87' lang='lat' dir='ltr'>simul</span> <span class='ocrx_word' id='word_1_53' title='bbox 580 769 635 806; x_wconf 83' lang='lat' dir='ltr'>cunr</span> <span class='ocrx_word' id='word_1_54' title='bbox 653 752 781 818; x_wconf 83' lang='lat' dir='ltr'>vestibus,</span> <span class='ocrx_word' id='word_1_55' title='bbox 799 757 829 805; x_wconf 93' lang='lat' dir='ltr'>ut</span> <span class='ocrx_word' id='word_1_56' title='bbox 844 751 928 823; x_wconf 90' lang='lat' dir='ltr'>Nicep</span> <span class='ocrx_word' id='word_1_57' title='bbox 947 769 1007 810; x_wconf 80' lang='lat' dir='ltr'>orus</span> <span class='ocrx_word' id='word_1_58' title='bbox 1025 754 1058 806; x_wconf 88' lang='lat'>18</span> <span class='ocrx_word' id='word_1_59' title='bbox 1075 753 1108 807; x_wconf 80' lang='lat'>58</span> <span class='ocrx_word' id='word_1_60' title='bbox 1125 761 1245 808; x_wconf 84' lang='lat' dir='ltr'>testetur.</span> 
     </span>
     <span class='ocr_line' id='line_1_7' title="bbox 141 820 1245 892; baseline 0 -17"><span class='ocrx_word' id='word_1_61' title='bbox 141 821 237 875; x_wconf 86' lang='lat' dir='ltr'>subdit.</span> <span class='ocrx_word' id='word_1_62' title='bbox 258 821 358 890; x_wconf 87' lang='lat' dir='ltr'>potuit,</span> <span class='ocrx_word' id='word_1_63' title='bbox 375 820 478 876; x_wconf 85' lang='lat' dir='ltr'>tametsi</span> <span class='ocrx_word' id='word_1_64' title='bbox 495 828 551 876; x_wconf 85' lang='lat' dir='ltr'>erat</span> <span class='ocrx_word' id='word_1_65' title='bbox 568 839 598 874; x_wconf 85' lang='lat' dir='ltr'>ea</span> <span class='ocrx_word' id='word_1_66' title='bbox 617 821 659 874; x_wconf 87' lang='lat' dir='ltr'>die</span> <span class='ocrx_word' id='word_1_67' title='bbox 673 821 825 892; x_wconf 84' lang='lat' dir='ltr'>praecipuus</span> <span class='ocrx_word' id='word_1_68' title='bbox 835 828 973 876; x_wconf 84' lang='lat' dir='ltr'>conventus</span> <span class='ocrx_word' id='word_1_69' title='bbox 984 822 1011 874; x_wconf 92' lang='lat' dir='ltr'>in</span> <span class='ocrx_word' id='word_1_70' title='bbox 1029 821 1245 891; x_wconf 83' lang='lat' dir='ltr'>Chelooprataeis,</span> 
     </span>
     <span class='ocr_line' id='line_1_8' title="bbox 141 890 1246 958; baseline 0.001 -15"><span class='ocrx_word' id='word_1_71' title='bbox 141 890 219 944; x_wconf 85' lang='lat' dir='ltr'>etiam</span> <span class='ocrx_word' id='word_1_72' title='bbox 236 890 263 944; x_wconf 91' lang='lat' dir='ltr'>iu</span> <span class='ocrx_word' id='word_1_73' title='bbox 280 890 430 944; x_wconf 84' lang='lat' dir='ltr'>Blacheruis</span> <span class='ocrx_word' id='word_1_74' title='bbox 446 907 519 958; x_wconf 83' lang='lat' dir='ltr'>esse,</span> <span class='ocrx_word' id='word_1_75' title='bbox 538 891 584 944; x_wconf 91' lang='lat' dir='ltr'>ubi</span> <span class='ocrx_word' id='word_1_76' title='bbox 599 908 646 944; x_wconf 89' lang='lat' dir='ltr'>nec</span> <span class='ocrx_word' id='word_1_77' title='bbox 661 907 736 944; x_wconf 81' lang='lat' dir='ltr'>sacra</span> <span class='ocrx_word' id='word_1_78' title='bbox 753 907 817 943; x_wconf 81' lang='lat' dir='ltr'>aona</span> <span class='ocrx_word' id='word_1_79' title='bbox 834 890 951 956; x_wconf 76' lang='lat' dir='ltr'>deesset,</span> <span class='ocrx_word' id='word_1_80' title='bbox 974 890 1109 944; x_wconf 88' lang='lat' dir='ltr'>coniuncta</span> <span class='ocrx_word' id='word_1_81' title='bbox 1125 891 1162 944; x_wconf 90' lang='lat' dir='ltr'>illi</span> <span class='ocrx_word' id='word_1_82' title='bbox 1178 892 1246 944; x_wconf 86' lang='lat' dir='ltr'>vesti</span> 
     </span>
     <span class='ocr_line' id='line_1_9' title="bbox 141 957 1247 1032; baseline 0.002 -20"><span class='ocrx_word' id='word_1_83' title='bbox 141 976 249 1024; x_wconf 82' lang='lat' dir='ltr'>sacrae,</span> <span class='ocrx_word' id='word_1_84' title='bbox 265 959 473 1028; x_wconf 83' lang='lat' dir='ltr'>coniunctamque</span> <span class='ocrx_word' id='word_1_85' title='bbox 492 959 598 1032; x_wconf 87' lang='lat' dir='ltr'>proinde</span> <span class='ocrx_word' id='word_1_86' title='bbox 619 957 713 1013; x_wconf 84' lang='lat' dir='ltr'>hahens</span> <span class='ocrx_word' id='word_1_87' title='bbox 736 959 883 1028; x_wconf 80' lang='lat' dir='ltr'>religionem</span> <span class='ocrx_word' id='word_1_88' title='bbox 907 975 939 1014; x_wconf 84' lang='lat' dir='ltr'>ao</span> <span class='ocrx_word' id='word_1_89' title='bbox 960 959 1069 1013; x_wconf 83' lang='lat' dir='ltr'>laudem.</span> <span class='ocrx_word' id='word_1_90' title='bbox 1090 958 1118 1010; x_wconf 91' lang='lat' dir='ltr'>in</span> <span class='ocrx_word' id='word_1_91' title='bbox 1141 961 1247 1020; x_wconf 82' lang='lat' dir='ltr'>encomii</span> 
     </span>
     <span class='ocr_line' id='line_1_10' title="bbox 140 1028 1245 1098; baseline 0.001 -18"><span class='ocrx_word' id='word_1_92' title='bbox 140 1028 224 1094; x_wconf 89' lang='lat' dir='ltr'>illius,</span> <span class='ocrx_word' id='word_1_93' title='bbox 241 1029 309 1097; x_wconf 90' lang='lat' dir='ltr'>quod</span> <span class='ocrx_word' id='word_1_94' title='bbox 328 1029 432 1096; x_wconf 84' lang='lat' dir='ltr'>evulgat</span> <span class='ocrx_word' id='word_1_95' title='bbox 449 1037 477 1083; x_wconf 87' lang='lat' dir='ltr'>et</span> <span class='ocrx_word' id='word_1_96' title='bbox 494 1030 643 1096; x_wconf 77' lang='lat' dir='ltr'>elucubrat,</span> <span class='ocrx_word' id='word_1_97' title='bbox 662 1028 793 1098; x_wconf 86' lang='lat' dir='ltr'>prooemio</span> <span class='ocrx_word' id='word_1_98' title='bbox 813 1029 907 1082; x_wconf 83' lang='lat' dir='ltr'>allatae</span> <span class='ocrx_word' id='word_1_99' title='bbox 924 1028 1065 1081; x_wconf 86' lang='lat' dir='ltr'>sententiae</span> <span class='ocrx_word' id='word_1_100' title='bbox 1082 1028 1183 1097; x_wconf 82' lang='lat' dir='ltr'>reperio</span> <span class='ocrx_word' id='word_1_101' title='bbox 1201 1045 1245 1082; x_wconf 87' lang='lat' dir='ltr'>ar-</span> 
     </span>
     <span class='ocr_line' id='line_1_11' title="bbox 141 1091 1262 1182; baseline 0.002 -34"><span class='ocrx_word' id='word_1_102' title='bbox 141 1104 287 1163; x_wconf 79' lang='lat' dir='ltr'>gumentum</span> <span class='ocrx_word' id='word_1_103' title='bbox 303 1096 343 1150; x_wconf 86' lang='lat' dir='ltr'>his</span> <span class='ocrx_word' id='word_1_104' title='bbox 359 1097 465 1152; x_wconf 78' lang='lat' dir='ltr'>verbine</span> <span class='ocrx_word' id='word_1_105' title='bbox 481 1092 549 1154; x_wconf 71' lang='lat' dir='ltr'>does</span> <span class='ocrx_word' id='word_1_106' title='bbox 566 1092 605 1182; x_wconf 68' lang='grc' dir='ltr'>μὴ</span> <span class='ocrx_word' id='word_1_107' title='bbox 620 1098 670 1166; x_wconf 76' lang='grc' dir='ltr'>τῆς</span> <span class='ocrx_word' id='word_1_108' title='bbox 686 1093 773 1166; x_wconf 74' lang='grc' dir='ltr'><strong><em>ζώνης</em></strong></span> <span class='ocrx_word' id='word_1_109' title='bbox 787 1095 893 1167; x_wconf 79' lang='grc' dir='ltr'><strong><em>μόνον,</em></strong></span> <span class='ocrx_word' id='word_1_110' title='bbox 914 1091 986 1152; x_wconf 67' lang='grc' dir='ltr'><strong><em>ἄλλα</em></strong></span> <span class='ocrx_word' id='word_1_111' title='bbox 1012 1095 1062 1152; x_wconf 79' lang='grc' dir='ltr'><strong><em>κοιλ</em></strong></span> <span class='ocrx_word' id='word_1_112' title='bbox 1083 1099 1134 1182; x_wconf 67' lang='grc' dir='ltr'>τῆς</span> <span class='ocrx_word' id='word_1_113' title='bbox 1154 1097 1246 1165; x_wconf 81' lang='grc' dir='ltr'><strong><em>τιμίας</em></strong></span> <span class='ocrx_word' id='word_1_114' title='bbox 1260 1099 1262 1104; x_wconf 84' lang='grc'><strong>’</strong></span> 
     </span>
     <span class='ocr_line' id='line_1_12' title="bbox 142 1160 1247 1236; baseline -0.005 -14"><span class='ocrx_word' id='word_1_115' title='bbox 142 1163 266 1234; x_wconf 76' lang='grc' dir='ltr'><strong><em>ἐσθῆτος</em></strong></span> <span class='ocrx_word' id='word_1_116' title='bbox 282 1166 338 1220; x_wconf 75' lang='grc' dir='ltr'>τῶν</span> <span class='ocrx_word' id='word_1_117' title='bbox 355 1161 477 1221; x_wconf 76' lang='grc' dir='ltr'><strong><em>ἐπαίνων</em></strong></span> <span class='ocrx_word' id='word_1_118' title='bbox 496 1170 718 1236; x_wconf 75' lang='grc' dir='ltr'><strong><em>συνεφαψασθαι</em></strong></span> <span class='ocrx_word' id='word_1_119' title='bbox 734 1165 812 1236; x_wconf 74' lang='grc' dir='ltr'><strong><em>(χρὴ)</em></strong></span> <span class='ocrx_word' id='word_1_120' title='bbox 828 1164 878 1222; x_wconf 82' lang='grc' dir='ltr'>καλ</span> <span class='ocrx_word' id='word_1_121' title='bbox 894 1161 947 1236; x_wconf 73' lang='grc' dir='ltr'>γὰρ</span> <span class='ocrx_word' id='word_1_122' title='bbox 970 1161 1059 1227; x_wconf 76' lang='grc' dir='ltr'><strong><em>ἄλλως</em></strong></span> <span class='ocrx_word' id='word_1_123' title='bbox 1083 1160 1142 1220; x_wconf 77' lang='grc' dir='ltr'><strong><em>ουδ’</em></strong></span> <span class='ocrx_word' id='word_1_124' title='bbox 1163 1163 1247 1228; x_wconf 81' lang='grc' dir='ltr'><strong><em>ὁσίως</em></strong></span> 
     </span>
     <span class='ocr_line' id='line_1_13' title="bbox 142 1227 1245 1312; baseline 0.001 -24"><span class='ocrx_word' id='word_1_125' title='bbox 142 1227 193 1288; x_wconf 71' lang='grc' dir='ltr'>ἀπ’</span> <span class='ocrx_word' id='word_1_126' title='bbox 210 1229 335 1302; x_wconf 71' lang='grc' dir='ltr'><strong><em>ἀλλήλων</em></strong></span> <span class='ocrx_word' id='word_1_127' title='bbox 351 1235 441 1290; x_wconf 80' lang='grc' dir='ltr'><strong><em>ταῦτα</em></strong></span> <span class='ocrx_word' id='word_1_128' title='bbox 457 1236 494 1312; x_wconf 73' lang='grc' dir='ltr'>τῇ</span> <span class='ocrx_word' id='word_1_129' title='bbox 528 1232 582 1304; x_wconf 84' lang='grc' dir='ltr'>νήμ</span> <span class='ocrx_word' id='word_1_130' title='bbox 626 1236 727 1290; x_wconf 76' lang='grc' dir='ltr'>διελεῖν</span> <span class='ocrx_word' id='word_1_131' title='bbox 765 1230 824 1292; x_wconf 75' lang='grc' dir='ltr'><strong><em>ἄλλ’</em></strong></span> <span class='ocrx_word' id='word_1_132' title='bbox 850 1229 940 1300; x_wconf 72' lang='grc' dir='ltr'><strong><em>ὥσπερ</em></strong></span> <span class='ocrx_word' id='word_1_133' title='bbox 961 1230 1069 1304; x_wconf 74' lang='grc' dir='ltr'><strong><em>ἀμφοῖν</em></strong></span> <span class='ocrx_word' id='word_1_134' title='bbox 1095 1230 1154 1304; x_wconf 77' lang='grc' dir='ltr'>ἅμα</span> <span class='ocrx_word' id='word_1_135' title='bbox 1177 1237 1245 1305; x_wconf 79' lang='grc' dir='ltr'><strong><em>χρῆ-</em></strong></span> 
     </span>
     <span class='ocr_line' id='line_1_14' title="bbox 142 1253 1250 1428; baseline -0.001 -71"><span class='ocrx_word' id='word_1_136' title='bbox 142 1305 214 1357; x_wconf 73' lang='grc' dir='ltr'><strong><em>σθαι</em></strong></span> <span class='ocrx_word' id='word_1_137' title='bbox 231 1298 302 1365; x_wconf 83' lang='grc' dir='ltr'><strong><em>πρὸς</em></strong></span> <span class='ocrx_word' id='word_1_138' title='bbox 318 1298 371 1372; x_wconf 80' lang='grc' dir='ltr'>την</span> <span class='ocrx_word' id='word_1_139' title='bbox 388 1298 419 1357; x_wconf 71' lang='grc' dir='ltr'>ἐν</span> <span class='ocrx_word' id='word_1_140' title='bbox 435 1253 609 1428; x_wconf 53' lang='lat' dir='ltr'>supultus}</span> <span class='ocrx_word' id='word_1_141' title='bbox 625 1301 644 1374; x_wconf 81' lang='grc' dir='ltr'><em>ἡ</em></span> <span class='ocrx_word' id='word_1_142' title='bbox 661 1273 832 1375; x_wconf 68' lang='grc' dir='ltr'><strong><em>πανολρωμος</em></strong></span> <span class='ocrx_word' id='word_1_143' title='bbox 844 1301 1015 1372; x_wconf 75' lang='grc' dir='ltr'><strong>πιστεύεται,</strong></span> <span class='ocrx_word' id='word_1_144' title='bbox 1033 1298 1106 1357; x_wconf 76' lang='grc' dir='ltr'><strong><em>οὕτω</em></strong></span> <span class='ocrx_word' id='word_1_145' title='bbox 1121 1305 1183 1356; x_wconf 77' lang='grc' dir='ltr'><strong><em>δεῖν</em></strong></span> <span class='ocrx_word' id='word_1_146' title='bbox 1198 1301 1250 1356; x_wconf 75' lang='grc' dir='ltr'>καλ</span> 
     </span>
     <span class='ocr_line' id='line_1_15' title="bbox 142 1366 1245 1444; baseline 0.002 -21"><span class='ocrx_word' id='word_1_147' title='bbox 142 1370 218 1440; x_wconf 77' lang='grc' dir='ltr'><strong><em>ἡμᾶς</em></strong></span> <span class='ocrx_word' id='word_1_148' title='bbox 235 1367 286 1426; x_wconf 82' lang='lat' dir='ltr'>crin</span> <span class='ocrx_word' id='word_1_149' title='bbox 305 1372 382 1438; x_wconf 80' lang='grc' dir='ltr'><strong><em>ἴδια,</em></strong></span> <span class='ocrx_word' id='word_1_150' title='bbox 399 1375 480 1444; x_wconf 78' lang='grc' dir='ltr'><strong><em>κοινῇ</em></strong></span> <span class='ocrx_word' id='word_1_151' title='bbox 505 1369 538 1427; x_wconf 82' lang='lat' dir='ltr'>dh</span> <span class='ocrx_word' id='word_1_152' title='bbox 561 1392 612 1428; x_wconf 86' lang='grc' dir='ltr'>τν</span> <span class='ocrx_word' id='word_1_153' title='bbox 631 1368 775 1438; x_wconf 77' lang='grc' dir='ltr'><strong><em>πρέποντα</em></strong></span> <span class='ocrx_word' id='word_1_154' title='bbox 798 1370 909 1437; x_wconf 74' lang='grc' dir='ltr'><strong><em>τούτοις</em></strong></span> <span class='ocrx_word' id='word_1_155' title='bbox 929 1366 1012 1430; x_wconf 81' lang='grc' dir='ltr'><strong><em>αἶνον</em></strong></span> <span class='ocrx_word' id='word_1_156' title='bbox 1038 1366 1245 1442; x_wconf 74' lang='grc' dir='ltr'><strong><em>ἒξνφάνασθαι.</em></strong></span> 
     </span>
     <span class='ocr_line' id='line_1_16' title="bbox 142 1440 905 1509; baseline 0.007 -13"><span class='ocrx_word' id='word_1_157' title='bbox 142 1440 208 1496; x_wconf 77' lang='lat' dir='ltr'>olus</span> <span class='ocrx_word' id='word_1_158' title='bbox 223 1457 350 1509; x_wconf 75' lang='lat' dir='ltr'>congruus</span> <span class='ocrx_word' id='word_1_159' title='bbox 366 1441 479 1496; x_wconf 83' lang='lat' dir='ltr'>rationes</span> <span class='ocrx_word' id='word_1_160' title='bbox 496 1443 587 1498; x_wconf 82' lang='lat' dir='ltr'>ibidem</span> <span class='ocrx_word' id='word_1_161' title='bbox 607 1442 713 1496; x_wconf 86' lang='lat' dir='ltr'>deducit</span> <span class='ocrx_word' id='word_1_162' title='bbox 728 1443 905 1501; x_wconf 84' lang='lat' dir='ltr'>encomiastes.</span> 
     </span>
    </p>
   </div>
   <div class='ocr_carea' id='block_1_3' title="bbox 143 1553 1377 2911">
    <p class='ocr_par' dir='ltr' id='par_1_3' title="bbox 143 1553 1377 2911">
     <span class='ocr_line' id='line_1_17' title="bbox 227 1553 1292 1636; baseline 0.001 -22"><span class='ocrx_word' id='word_1_163' title='bbox 227 1553 340 1617; x_wconf 81' lang='lat' dir='ltr'>Fascius</span> <span class='ocrx_word' id='word_1_164' title='bbox 356 1556 542 1634; x_wconf 80' lang='lat' dir='ltr'>sepulchrales</span> <span class='ocrx_word' id='word_1_165' title='bbox 562 1557 590 1616; x_wconf 90' lang='lat' dir='ltr'>h.</span> <span class='ocrx_word' id='word_1_166' title='bbox 611 1557 727 1636; x_wconf 83' lang='lat' dir='ltr'>virginis</span> <span class='ocrx_word' id='word_1_167' title='bbox 744 1557 871 1636; x_wconf 88' lang='lat' dir='ltr'>reposuit</span> <span class='ocrx_word' id='word_1_168' title='bbox 884 1554 1030 1615; x_wconf 86' lang='lat' dir='ltr'>Pulcheria</span> <span class='ocrx_word' id='word_1_169' title='bbox 1043 1555 1204 1635; x_wconf 79' lang='lat' dir='ltr'>imperatrix</span> <span class='ocrx_word' id='word_1_170' title='bbox 1216 1555 1248 1615; x_wconf 88' lang='lat' dir='ltr'>in</span> <span class='ocrx_word' id='word_1_171' title='bbox 1287 1589 1292 1602; x_wconf 88' lang='lat'><strong>·</strong></span> 
     </span>
     <span class='ocr_line' id='line_1_18' title="bbox 143 1639 1248 1720; baseline 0 -22"><span class='ocrx_word' id='word_1_172' title='bbox 143 1639 250 1718; x_wconf 89' lang='lat' dir='ltr'>templo</span> <span class='ocrx_word' id='word_1_173' title='bbox 270 1641 453 1719; x_wconf 87' lang='lat' dir='ltr'>Blachernio,</span> <span class='ocrx_word' id='word_1_174' title='bbox 482 1648 555 1701; x_wconf 89' lang='lat' dir='ltr'>teste</span> <span class='ocrx_word' id='word_1_175' title='bbox 576 1642 736 1720; x_wconf 88' lang='lat' dir='ltr'>Nicephcro</span> <span class='ocrx_word' id='word_1_176' title='bbox 752 1643 799 1701; x_wconf 91' lang='lat' dir='ltr'>lib.</span> <span class='ocrx_word' id='word_1_177' title='bbox 818 1645 859 1707; x_wconf 87' lang='grc'>14</span> <span class='ocrx_word' id='word_1_178' title='bbox 877 1662 900 1700; x_wconf 89' lang='lat' dir='ltr'>c.</span> <span class='ocrx_word' id='word_1_179' title='bbox 920 1645 949 1704; x_wconf 77' lang='lat'>2.</span> <span class='ocrx_word' id='word_1_180' title='bbox 990 1642 1084 1700; x_wconf 79' lang='lat' dir='ltr'>fasciis</span> <span class='ocrx_word' id='word_1_181' title='bbox 1103 1641 1248 1718; x_wconf 85' lang='lat' dir='ltr'>infantiae,</span> 
     </span>
     <span class='ocr_line' id='line_1_19' title="bbox 144 1725 1248 1805; baseline 0.002 -23"><span class='ocrx_word' id='word_1_182' title='bbox 144 1725 247 1805; x_wconf 86' lang='lat' dir='ltr'>quibus</span> <span class='ocrx_word' id='word_1_183' title='bbox 268 1727 398 1788; x_wconf 83' lang='lat' dir='ltr'>christos</span> <span class='ocrx_word' id='word_1_184' title='bbox 417 1727 510 1785; x_wconf 86' lang='lat' dir='ltr'>infans</span> <span class='ocrx_word' id='word_1_185' title='bbox 526 1726 667 1784; x_wconf 87' lang='lat' dir='ltr'>involutus</span> <span class='ocrx_word' id='word_1_186' title='bbox 689 1733 749 1803; x_wconf 86' lang='lat' dir='ltr'>est,</span> <span class='ocrx_word' id='word_1_187' title='bbox 770 1726 919 1785; x_wconf 88' lang='lat' dir='ltr'>honoravit</span> <span class='ocrx_word' id='word_1_188' title='bbox 939 1731 969 1788; x_wconf 84' lang='lat' dir='ltr'>et</span> <span class='ocrx_word' id='word_1_189' title='bbox 990 1728 1100 1785; x_wconf 89' lang='lat' dir='ltr'>ornavit</span> <span class='ocrx_word' id='word_1_190' title='bbox 1113 1727 1248 1803; x_wconf 88' lang='lat' dir='ltr'>templum</span> 
     </span>
     <span class='ocr_line' id='line_1_20' title="bbox 144 1792 1248 1889; baseline -0.001 -20"><span class='ocrx_word' id='word_1_191' title='bbox 144 1813 208 1871; x_wconf 78' lang='lat' dir='ltr'>cciv</span> <span class='ocrx_word' id='word_1_192' title='bbox 231 1792 362 1889; x_wconf 74' lang='lat' dir='ltr'>ddpydv,</span> <span class='ocrx_word' id='word_1_193' title='bbox 393 1814 427 1867; x_wconf 92' lang='lat' dir='ltr'>ut</span> <span class='ocrx_word' id='word_1_194' title='bbox 454 1811 552 1869; x_wconf 87' lang='lat' dir='ltr'>eodem</span> <span class='ocrx_word' id='word_1_195' title='bbox 575 1810 636 1872; x_wconf 88' lang='lat' dir='ltr'>loeo</span> <span class='ocrx_word' id='word_1_196' title='bbox 666 1811 741 1868; x_wconf 87' lang='lat' dir='ltr'>idem</span> <span class='ocrx_word' id='word_1_197' title='bbox 767 1809 945 1888; x_wconf 89' lang='lat' dir='ltr'>Nicephorus</span> <span class='ocrx_word' id='word_1_198' title='bbox 964 1811 1067 1868; x_wconf 84' lang='lat' dir='ltr'>scribit.</span> <span class='ocrx_word' id='word_1_199' title='bbox 1108 1811 1248 1868; x_wconf 84' lang='lat' dir='ltr'>Baronius</span> 
     </span>
     <span class='ocr_line' id='line_1_21' title="bbox 144 1893 1251 1975; baseline 0 -23"><span class='ocrx_word' id='word_1_200' title='bbox 144 1900 214 1952; x_wconf 89' lang='lat' dir='ltr'>tom.</span> <span class='ocrx_word' id='word_1_201' title='bbox 237 1895 255 1955; x_wconf 90' lang='lat'>1</span> <span class='ocrx_word' id='word_1_202' title='bbox 272 1913 347 1954; x_wconf 88' lang='lat' dir='ltr'>armo</span> <span class='ocrx_word' id='word_1_203' title='bbox 368 1893 475 1953; x_wconf 81' lang='lat' dir='ltr'>Christi</span> <span class='ocrx_word' id='word_1_204' title='bbox 495 1895 586 1975; x_wconf 88' lang='lat' dir='ltr'>primo</span> <span class='ocrx_word' id='word_1_205' title='bbox 606 1915 635 1956; x_wconf 90' lang='lat' dir='ltr'>n.</span> <span class='ocrx_word' id='word_1_206' title='bbox 657 1899 677 1960; x_wconf 90' lang='lat'>8</span> <span class='ocrx_word' id='word_1_207' title='bbox 698 1895 766 1954; x_wconf 91' lang='lat' dir='ltr'>dicit</span> <span class='ocrx_word' id='word_1_208' title='bbox 779 1895 808 1953; x_wconf 89' lang='lat' dir='ltr'>in</span> <span class='ocrx_word' id='word_1_209' title='bbox 822 1895 955 1953; x_wconf 86' lang='lat' dir='ltr'>honorem</span> <span class='ocrx_word' id='word_1_210' title='bbox 964 1893 1123 1972; x_wconf 80' lang='lat' dir='ltr'>fasciarum,</span> <span class='ocrx_word' id='word_1_211' title='bbox 1146 1895 1251 1968; x_wconf 88' lang='lat' dir='ltr'>quibus</span> 
     </span>
     <span class='ocr_line' id='line_1_22' title="bbox 145 1979 1248 2059; baseline -0.001 -22"><span class='ocrx_word' id='word_1_212' title='bbox 145 1979 239 2037; x_wconf 88' lang='lat' dir='ltr'>infans</span> <span class='ocrx_word' id='word_1_213' title='bbox 261 1979 402 2038; x_wconf 88' lang='lat' dir='ltr'>involutus</span> <span class='ocrx_word' id='word_1_214' title='bbox 423 1984 486 2057; x_wconf 88' lang='lat' dir='ltr'>est,</span> <span class='ocrx_word' id='word_1_215' title='bbox 506 1981 580 2038; x_wconf 89' lang='lat' dir='ltr'>diem</span> <span class='ocrx_word' id='word_1_216' title='bbox 597 1980 702 2041; x_wconf 85' lang='lat' dir='ltr'>festum</span> <span class='ocrx_word' id='word_1_217' title='bbox 722 1981 800 2059; x_wconf 91' lang='lat' dir='ltr'>apud</span> <span class='ocrx_word' id='word_1_218' title='bbox 816 1980 939 2040; x_wconf 86' lang='lat' dir='ltr'>Graecos</span> <span class='ocrx_word' id='word_1_219' title='bbox 958 1979 1118 2038; x_wconf 89' lang='lat' dir='ltr'>institutum</span> <span class='ocrx_word' id='word_1_220' title='bbox 1130 1997 1192 2036; x_wconf 88' lang='lat' dir='ltr'>esse</span> <span class='ocrx_word' id='word_1_221' title='bbox 1207 1981 1248 2042; x_wconf 81' lang='lat'>81</span> 
     </span>
     <span class='ocr_line' id='line_1_23' title="bbox 144 2062 1377 2142; baseline -0.006 -18"><span class='ocrx_word' id='word_1_222' title='bbox 144 2062 277 2140; x_wconf 80' lang='lat' dir='ltr'>Augusti.</span> <span class='ocrx_word' id='word_1_223' title='bbox 319 2064 522 2142; x_wconf 87' lang='lat' dir='ltr'>Casaubonus,</span> <span class='ocrx_word' id='word_1_224' title='bbox 550 2065 665 2126; x_wconf 88' lang='lat' dir='ltr'>Baronii</span> <span class='ocrx_word' id='word_1_225' title='bbox 685 2066 874 2128; x_wconf 74' lang='lat' dir='ltr'>conductitius</span> <span class='ocrx_word' id='word_1_226' title='bbox 905 2064 1103 2140; x_wconf 84' lang='lat' dir='ltr'>calumniator,</span> <span class='ocrx_word' id='word_1_227' title='bbox 1133 2064 1200 2122; x_wconf 89' lang='lat' dir='ltr'>dicit</span> <span class='ocrx_word' id='word_1_228' title='bbox 1220 2065 1251 2122; x_wconf 87' lang='lat' dir='ltr'>in</span> <span class='ocrx_word' id='word_1_229' title='bbox 1283 2116 1286 2124; x_wconf 87' lang='grc'>,</span> <span class='ocrx_word' id='word_1_230' title='bbox 1373 2105 1377 2116; x_wconf 88' lang='grc'><em>,</em></span> 
     </span>
     <span class='ocr_line' id='line_1_24' title="bbox 144 2149 1250 2230; baseline -0.002 -22"><span class='ocrx_word' id='word_1_231' title='bbox 144 2149 291 2208; x_wconf 85' lang='lat' dir='ltr'>ritualibus</span> <span class='ocrx_word' id='word_1_232' title='bbox 316 2149 488 2222; x_wconf 88' lang='lat' dir='ltr'>Graecorum</span> <span class='ocrx_word' id='word_1_233' title='bbox 506 2149 583 2208; x_wconf 89' lang='lat' dir='ltr'>libris</span> <span class='ocrx_word' id='word_1_234' title='bbox 604 2150 672 2209; x_wconf 89' lang='lat' dir='ltr'>nihil</span> <span class='ocrx_word' id='word_1_235' title='bbox 692 2150 789 2214; x_wconf 88' lang='lat' dir='ltr'>haberi</span> <span class='ocrx_word' id='word_1_236' title='bbox 810 2152 846 2209; x_wconf 89' lang='lat' dir='ltr'>de</span> <span class='ocrx_word' id='word_1_237' title='bbox 866 2152 940 2209; x_wconf 87' lang='lat' dir='ltr'>festo</span> <span class='ocrx_word' id='word_1_238' title='bbox 957 2151 1058 2230; x_wconf 81' lang='lat' dir='ltr'>fasciis</span> <span class='ocrx_word' id='word_1_239' title='bbox 1072 2150 1178 2227; x_wconf 88' lang='lat' dir='ltr'>dicato,</span> <span class='ocrx_word' id='word_1_240' title='bbox 1198 2149 1250 2207; x_wconf 87' lang='lat' dir='ltr'>sed</span> 
     </span>
     <span class='ocr_line' id='line_1_25' title="bbox 145 2234 1250 2314; baseline -0.001 -20"><span class='ocrx_word' id='word_1_241' title='bbox 145 2239 257 2294; x_wconf 86' lang='lat' dir='ltr'>tantum</span> <span class='ocrx_word' id='word_1_242' title='bbox 278 2255 374 2294; x_wconf 88' lang='lat' dir='ltr'>zonae.</span> <span class='ocrx_word' id='word_1_243' title='bbox 417 2240 450 2293; x_wconf 89' lang='lat' dir='ltr'>ut</span> <span class='ocrx_word' id='word_1_244' title='bbox 473 2236 502 2293; x_wconf 90' lang='lat' dir='ltr'>id</span> <span class='ocrx_word' id='word_1_245' title='bbox 523 2236 564 2297; x_wconf 92' lang='lat' dir='ltr'>ita</span> <span class='ocrx_word' id='word_1_246' title='bbox 581 2237 629 2313; x_wconf 84' lang='lat' dir='ltr'>sit,</span> <span class='ocrx_word' id='word_1_247' title='bbox 650 2237 724 2296; x_wconf 91' lang='lat' dir='ltr'>diem</span> <span class='ocrx_word' id='word_1_248' title='bbox 734 2243 840 2298; x_wconf 75' lang='lat' dir='ltr'>,tamen</span> <span class='ocrx_word' id='word_1_249' title='bbox 861 2234 936 2293; x_wconf 88' lang='lat' dir='ltr'>hunc</span> <span class='ocrx_word' id='word_1_250' title='bbox 951 2235 1185 2314; x_wconf 63' lang='lat' dir='ltr'>sortitaquoque</span> <span class='ocrx_word' id='word_1_251' title='bbox 1203 2254 1250 2293; x_wconf 88' lang='lat' dir='ltr'>sa-</span> 
     </span>
     <span class='ocr_line' id='line_1_26' title="bbox 147 2319 1250 2397; baseline -0.004 -17"><span class='ocrx_word' id='word_1_252' title='bbox 147 2339 229 2380; x_wconf 85' lang='lat' dir='ltr'>crum.</span> <span class='ocrx_word' id='word_1_253' title='bbox 247 2320 333 2379; x_wconf 90' lang='lat' dir='ltr'>fuisse</span> <span class='ocrx_word' id='word_1_254' title='bbox 353 2325 496 2378; x_wconf 82' lang='lat' dir='ltr'>testantur</span> <span class='ocrx_word' id='word_1_255' title='bbox 513 2321 569 2380; x_wconf 92' lang='lat' dir='ltr'>duo</span> <span class='ocrx_word' id='word_1_256' title='bbox 591 2325 720 2380; x_wconf 88' lang='lat' dir='ltr'>auctores</span> <span class='ocrx_word' id='word_1_257' title='bbox 750 2321 867 2397; x_wconf 85' lang='lat' dir='ltr'>Graeci,</span> <span class='ocrx_word' id='word_1_258' title='bbox 896 2320 1052 2378; x_wconf 87' lang='lat' dir='ltr'>Germanus</span> <span class='ocrx_word' id='word_1_259' title='bbox 1081 2325 1111 2378; x_wconf 92' lang='lat' dir='ltr'>et</span> <span class='ocrx_word' id='word_1_260' title='bbox 1138 2319 1250 2395; x_wconf 84' lang='lat' dir='ltr'>Euthy-</span> 
     </span>
     <span class='ocr_line' id='line_1_27' title="bbox 147 2405 1254 2481; baseline -0.005 -16"><span class='ocrx_word' id='word_1_261' title='bbox 147 2405 234 2481; x_wconf 76' lang='lat' dir='ltr'>minS,</span> <span class='ocrx_word' id='word_1_262' title='bbox 267 2406 364 2480; x_wconf 90' lang='lat' dir='ltr'>quiin</span> <span class='ocrx_word' id='word_1_263' title='bbox 387 2405 504 2464; x_wconf 86' lang='lat' dir='ltr'>Graecia</span> <span class='ocrx_word' id='word_1_264' title='bbox 527 2406 656 2468; x_wconf 87' lang='lat' dir='ltr'>vixerunt</span> <span class='ocrx_word' id='word_1_265' title='bbox 676 2411 706 2464; x_wconf 88' lang='lat' dir='ltr'>et</span> <span class='ocrx_word' id='word_1_266' title='bbox 735 2405 909 2467; x_wconf 87' lang='lat' dir='ltr'>orationibus</span> <span class='ocrx_word' id='word_1_267' title='bbox 932 2405 1147 2481; x_wconf 86' lang='lat' dir='ltr'>encomiasticis,</span> <span class='ocrx_word' id='word_1_268' title='bbox 1179 2422 1254 2478; x_wconf 89' lang='lat' dir='ltr'>quae</span> 
     </span>
     <span class='ocr_line' id='line_1_28' title="bbox 148 2487 1254 2570; baseline -0.005 -21"><span class='ocrx_word' id='word_1_269' title='bbox 148 2494 262 2549; x_wconf 88' lang='lat' dir='ltr'>exstant</span> <span class='ocrx_word' id='word_1_270' title='bbox 288 2492 366 2568; x_wconf 91' lang='lat' dir='ltr'>apud</span> <span class='ocrx_word' id='word_1_271' title='bbox 400 2487 628 2570; x_wconf 89' lang='lat' dir='ltr'>Lippomannum</span> <span class='ocrx_word' id='word_1_272' title='bbox 654 2496 683 2550; x_wconf 85' lang='lat' dir='ltr'>et</span> <span class='ocrx_word' id='word_1_273' title='bbox 711 2491 840 2567; x_wconf 88' lang='lat' dir='ltr'>Surium,</span> <span class='ocrx_word' id='word_1_274' title='bbox 866 2491 969 2548; x_wconf 81' lang='lat' dir='ltr'>testum</span> <span class='ocrx_word' id='word_1_275' title='bbox 990 2492 1044 2550; x_wconf 89' lang='lat' dir='ltr'>hoc</span> <span class='ocrx_word' id='word_1_276' title='bbox 1071 2489 1254 2546; x_wconf 80' lang='lat' dir='ltr'>illustrarunt</span> 
     </span>
     <span class='ocr_line' id='line_1_29' title="bbox 148 2575 1253 2654; baseline -0.004 -20"><span class='ocrx_word' id='word_1_277' title='bbox 148 2576 251 2634; x_wconf 88' lang='lat' dir='ltr'>occinit</span> <span class='ocrx_word' id='word_1_278' title='bbox 270 2576 430 2634; x_wconf 84' lang='lat' dir='ltr'>criminator</span> <span class='ocrx_word' id='word_1_279' title='bbox 450 2596 500 2634; x_wconf 86' lang='lat' dir='ltr'>non</span> <span class='ocrx_word' id='word_1_280' title='bbox 522 2595 575 2633; x_wconf 83' lang='lat' dir='ltr'>esre</span> <span class='ocrx_word' id='word_1_281' title='bbox 595 2575 747 2635; x_wconf 85' lang='lat' dir='ltr'>credendam</span> <span class='ocrx_word' id='word_1_282' title='bbox 763 2576 912 2654; x_wconf 80' lang='lat' dir='ltr'>Euthymio</span> <span class='ocrx_word' id='word_1_283' title='bbox 933 2582 959 2634; x_wconf 88' lang='lat' dir='ltr'>et</span> <span class='ocrx_word' id='word_1_284' title='bbox 973 2577 1112 2636; x_wconf 85' lang='lat' dir='ltr'>Germano.</span> <span class='ocrx_word' id='word_1_285' title='bbox 1155 2579 1185 2632; x_wconf 88' lang='lat' dir='ltr'>et</span> <span class='ocrx_word' id='word_1_286' title='bbox 1199 2591 1253 2630; x_wconf 87' lang='lat' dir='ltr'>nos</span> 
     </span>
     <span class='ocr_line' id='line_1_30' title="bbox 149 2658 1253 2734; baseline -0.004 -16"><span class='ocrx_word' id='word_1_287' title='bbox 149 2660 309 2719; x_wconf 87' lang='lat' dir='ltr'>Genevensi</span> <span class='ocrx_word' id='word_1_288' title='bbox 329 2679 364 2718; x_wconf 85' lang='lat' dir='ltr'>ex</span> <span class='ocrx_word' id='word_1_289' title='bbox 384 2658 474 2719; x_wconf 88' lang='lat' dir='ltr'>lustro</span> <span class='ocrx_word' id='word_1_290' title='bbox 494 2661 657 2722; x_wconf 84' lang='lat' dir='ltr'>vociferanti</span> <span class='ocrx_word' id='word_1_291' title='bbox 672 2660 842 2719; x_wconf 72' lang='lat' dir='ltr'>casaubono</span> <span class='ocrx_word' id='word_1_292' title='bbox 860 2661 1019 2719; x_wconf 88' lang='lat' dir='ltr'>credemus!</span> <span class='ocrx_word' id='word_1_293' title='bbox 1062 2679 1111 2717; x_wconf 88' lang='lat' dir='ltr'>cur</span> <span class='ocrx_word' id='word_1_294' title='bbox 1132 2678 1200 2734; x_wconf 85' lang='lat' dir='ltr'>ergo</span> <span class='ocrx_word' id='word_1_295' title='bbox 1222 2658 1253 2714; x_wconf 91' lang='lat' dir='ltr'>in</span> 
     </span>
     <span class='ocr_line' id='line_1_31' title="bbox 148 2744 1255 2828; baseline 0.002 -24"><span class='ocrx_word' id='word_1_296' title='bbox 148 2745 295 2804; x_wconf 88' lang='lat' dir='ltr'>ritualibus</span> <span class='ocrx_word' id='word_1_297' title='bbox 313 2744 389 2804; x_wconf 86' lang='lat' dir='ltr'>libris</span> <span class='ocrx_word' id='word_1_298' title='bbox 410 2745 487 2804; x_wconf 90' lang='lat' dir='ltr'>nulla</span> <span class='ocrx_word' id='word_1_299' title='bbox 507 2745 634 2805; x_wconf 68' lang='lat' dir='ltr'>mentio?</span> <span class='ocrx_word' id='word_1_300' title='bbox 676 2748 786 2827; x_wconf 84' lang='lat' dir='ltr'>opinor,</span> <span class='ocrx_word' id='word_1_301' title='bbox 807 2745 874 2828; x_wconf 87' lang='lat' dir='ltr'>quia</span> <span class='ocrx_word' id='word_1_302' title='bbox 893 2765 989 2806; x_wconf 88' lang='lat' dir='ltr'>sacrae</span> <span class='ocrx_word' id='word_1_303' title='bbox 1004 2745 1111 2826; x_wconf 75' lang='lat' dir='ltr'>fasciae</span> <span class='ocrx_word' id='word_1_304' title='bbox 1129 2744 1194 2803; x_wconf 84' lang='lat' dir='ltr'>sesti</span> <span class='ocrx_word' id='word_1_305' title='bbox 1206 2762 1255 2806; x_wconf 81' lang='lat' dir='ltr'>sa-</span> 
     </span>
     <span class='ocr_line' id='line_1_32' title="bbox 148 2832 709 2911; baseline 0.002 -21"><span class='ocrx_word' id='word_1_306' title='bbox 148 2850 213 2890; x_wconf 89' lang='lat' dir='ltr'>crae</span> <span class='ocrx_word' id='word_1_307' title='bbox 230 2851 313 2891; x_wconf 74' lang='lat' dir='ltr'>conoe</span> <span class='ocrx_word' id='word_1_308' title='bbox 330 2836 442 2891; x_wconf 87' lang='lat' dir='ltr'>tantum</span> <span class='ocrx_word' id='word_1_309' title='bbox 458 2832 599 2911; x_wconf 79' lang='lat' dir='ltr'>appendix</span> <span class='ocrx_word' id='word_1_310' title='bbox 619 2837 709 2892; x_wconf 87' lang='lat' dir='ltr'>erant.</span> 
     </span>
    </p>
   </div>
   <div class='ocr_carea' id='block_1_4' title="bbox 149 2947 1361 4309">
    <p class='ocr_par' dir='ltr' id='par_1_4' title="bbox 149 2947 1361 4309">
     <span class='ocr_line' id='line_1_33' title="bbox 234 2947 1252 3031; baseline -0.003 -24"><span class='ocrx_word' id='word_1_311' title='bbox 234 2971 264 3029; x_wconf 89' lang='lat' dir='ltr'>p.</span> <span class='ocrx_word' id='word_1_312' title='bbox 283 2953 324 3014; x_wconf 78' lang='lat'>82</span> <span class='ocrx_word' id='word_1_313' title='bbox 337 2969 363 3009; x_wconf 91' lang='lat' dir='ltr'>v.</span> <span class='ocrx_word' id='word_1_314' title='bbox 376 2949 404 3014; x_wconf 85' lang='lat'>5.</span> <span class='ocrx_word' id='word_1_315' title='bbox 433 2949 572 3009; x_wconf 89' lang='lat' dir='ltr'>dominica</span> <span class='ocrx_word' id='word_1_316' title='bbox 593 2949 777 3010; x_wconf 84' lang='lat' dir='ltr'>orthodoxiae</span> <span class='ocrx_word' id='word_1_317' title='bbox 796 2954 842 3009; x_wconf 86' lang='lat' dir='ltr'>est</span> <span class='ocrx_word' id='word_1_318' title='bbox 862 2950 954 3031; x_wconf 88' lang='lat' dir='ltr'>prima</span> <span class='ocrx_word' id='word_1_319' title='bbox 970 2948 1108 3009; x_wconf 89' lang='lat' dir='ltr'>dominica</span> <span class='ocrx_word' id='word_1_320' title='bbox 1130 2947 1252 3023; x_wconf 86' lang='lat' dir='ltr'>quadra-</span> 
     </span>
     <span class='ocr_line' id='line_1_34' title="bbox 150 3031 1255 3113; baseline -0.004 -21"><span class='ocrx_word' id='word_1_321' title='bbox 150 3035 288 3113; x_wconf 81' lang='lat' dir='ltr'>gesimae,</span> <span class='ocrx_word' id='word_1_322' title='bbox 311 3040 343 3093; x_wconf 87' lang='lat' dir='ltr'>ut</span> <span class='ocrx_word' id='word_1_323' title='bbox 367 3036 547 3098; x_wconf 86' lang='lat' dir='ltr'>manifestum</span> <span class='ocrx_word' id='word_1_324' title='bbox 575 3042 620 3094; x_wconf 88' lang='lat' dir='ltr'>est</span> <span class='ocrx_word' id='word_1_325' title='bbox 646 3056 709 3096; x_wconf 88' lang='lat' dir='ltr'>curn</span> <span class='ocrx_word' id='word_1_326' title='bbox 730 3054 765 3096; x_wconf 84' lang='lat' dir='ltr'>ex</span> <span class='ocrx_word' id='word_1_327' title='bbox 785 3035 845 3095; x_wconf 89' lang='lat' dir='ltr'>aliis</span> <span class='ocrx_word' id='word_1_328' title='bbox 864 3036 1035 3095; x_wconf 87' lang='lat' dir='ltr'>Graecorum</span> <span class='ocrx_word' id='word_1_329' title='bbox 1052 3033 1197 3094; x_wconf 88' lang='lat' dir='ltr'>ritualibus</span> <span class='ocrx_word' id='word_1_330' title='bbox 1218 3031 1255 3089; x_wconf 79' lang='lat' dir='ltr'>li·</span> 
     </span>
     <span class='ocr_line' id='line_1_35' title="bbox 149 3113 1255 3201; baseline 0 -24"><span class='ocrx_word' id='word_1_331' title='bbox 149 3119 225 3197; x_wconf 89' lang='lat' dir='ltr'>bris,</span> <span class='ocrx_word' id='word_1_332' title='bbox 254 3126 315 3180; x_wconf 90' lang='lat' dir='ltr'>tum</span> <span class='ocrx_word' id='word_1_333' title='bbox 338 3138 372 3179; x_wconf 85' lang='lat' dir='ltr'>ex</span> <span class='ocrx_word' id='word_1_334' title='bbox 401 3121 429 3180; x_wconf 89' lang='lat' dir='ltr'>T</span> <span class='ocrx_word' id='word_1_335' title='bbox 429 3122 511 3201; x_wconf 87' lang='lat' dir='ltr'>ypico</span> <span class='ocrx_word' id='word_1_336' title='bbox 535 3121 565 3182; x_wconf 83' lang='lat' dir='ltr'>S.</span> <span class='ocrx_word' id='word_1_337' title='bbox 587 3121 681 3181; x_wconf 87' lang='lat' dir='ltr'>Sabae</span> <span class='ocrx_word' id='word_1_338' title='bbox 703 3142 726 3182; x_wconf 80' lang='lat' dir='ltr'>c</span> <span class='ocrx_word' id='word_1_339' title='bbox 747 3121 807 3200; x_wconf 79' lang='lat'>42,</span> <span class='ocrx_word' id='word_1_340' title='bbox 838 3122 915 3180; x_wconf 90' lang='lat' dir='ltr'>cuius</span> <span class='ocrx_word' id='word_1_341' title='bbox 936 3117 1098 3182; x_wconf 73' lang='lat' dir='ltr'>titodus&#39;est</span> <span class='ocrx_word' id='word_1_342' title='bbox 1120 3113 1255 3191; x_wconf 79' lang='grc' dir='ltr'>διάταξις</span> 
     </span>
     <span class='ocr_line' id='line_1_36' title="bbox 150 3198 1252 3286; baseline -0.004 -20"><span class='ocrx_word' id='word_1_343' title='bbox 150 3209 207 3280; x_wconf 73' lang='grc' dir='ltr'>τῆς</span> <span class='ocrx_word' id='word_1_344' title='bbox 227 3198 347 3283; x_wconf 68' lang='grc' dir='ltr'><strong><em>πρώτης</em></strong></span> <span class='ocrx_word' id='word_1_345' title='bbox 367 3210 515 3284; x_wconf 79' lang='grc' dir='ltr'><strong><em>κυριακῆς</em></strong></span> <span class='ocrx_word' id='word_1_346' title='bbox 535 3210 597 3269; x_wconf 70' lang='grc' dir='ltr'>τοῦν</span> <span class='ocrx_word' id='word_1_347' title='bbox 614 3205 709 3285; x_wconf 79' lang='grc' dir='ltr'><strong><em>οἷγίων</em></strong></span> <span class='ocrx_word' id='word_1_348' title='bbox 730 3211 878 3286; x_wconf 72' lang='grc' dir='ltr'><strong><em>νηστειῶν</em></strong></span> <span class='ocrx_word' id='word_1_349' title='bbox 899 3201 967 3286; x_wconf 78' lang='grc' dir='ltr'><strong><em>ἤτοι</em></strong></span> <span class='ocrx_word' id='word_1_350' title='bbox 987 3210 1041 3284; x_wconf 81' lang='grc' dir='ltr'>τῆς</span> <span class='ocrx_word' id='word_1_351' title='bbox 1063 3200 1252 3284; x_wconf 59' lang='lat' dir='ltr'>speciosior.</span> 
     </span>
     <span class='ocr_line' id='line_1_37' title="bbox 151 3283 1361 3377; baseline -0.002 -30"><span class='ocrx_word' id='word_1_352' title='bbox 151 3288 243 3369; x_wconf 90' lang='lat' dir='ltr'>prima</span> <span class='ocrx_word' id='word_1_353' title='bbox 263 3289 348 3346; x_wconf 89' lang='lat' dir='ltr'>verba</span> <span class='ocrx_word' id='word_1_354' title='bbox 369 3292 469 3368; x_wconf 87' lang='lat' dir='ltr'>capitis</span> <span class='ocrx_word' id='word_1_355' title='bbox 490 3291 560 3351; x_wconf 90' lang='lat' dir='ltr'>haec</span> <span class='ocrx_word' id='word_1_356' title='bbox 579 3298 646 3351; x_wconf 89' lang='lat' dir='ltr'>sunt</span> <span class='ocrx_word' id='word_1_357' title='bbox 665 3296 705 3377; x_wconf 75' lang='grc' dir='ltr'>τῇ</span> <span class='ocrx_word' id='word_1_358' title='bbox 721 3295 852 3372; x_wconf 78' lang='grc' dir='ltr'><strong><em>κσριακῆ</em></strong></span> <span class='ocrx_word' id='word_1_359' title='bbox 877 3295 932 3370; x_wconf 84' lang='grc' dir='ltr'>τῆς</span> <span class='ocrx_word' id='word_1_360' title='bbox 958 3283 1144 3372; x_wconf 82' lang='grc' dir='ltr'><strong><em>ὅρθοδοξίας.</em></strong></span> <span class='ocrx_word' id='word_1_361' title='bbox 1189 3307 1254 3346; x_wconf 91' lang='lat' dir='ltr'>cau·</span> <span class='ocrx_word' id='word_1_362' title='bbox 1272 3291 1294 3345; x_wconf 88' lang='lat' dir='ltr'><strong>P</strong></span> <span class='ocrx_word' id='word_1_363' title='bbox 1311 3292 1361 3347; x_wconf 74' lang='lat'>251</span> 
     </span>
     <span class='ocr_line' id='line_1_38' title="bbox 152 3373 1264 3453; baseline -0.004 -20"><span class='ocrx_word' id='word_1_364' title='bbox 152 3394 214 3433; x_wconf 92' lang='lat' dir='ltr'>sam</span> <span class='ocrx_word' id='word_1_365' title='bbox 236 3373 430 3451; x_wconf 87' lang='lat' dir='ltr'>appellationis</span> <span class='ocrx_word' id='word_1_366' title='bbox 449 3377 531 3434; x_wconf 89' lang='lat' dir='ltr'>huius</span> <span class='ocrx_word' id='word_1_367' title='bbox 551 3378 593 3436; x_wconf 89' lang='lat' dir='ltr'>ita</span> <span class='ocrx_word' id='word_1_368' title='bbox 619 3378 757 3453; x_wconf 87' lang='lat' dir='ltr'>breviter,</span> <span class='ocrx_word' id='word_1_369' title='bbox 787 3381 817 3436; x_wconf 90' lang='lat' dir='ltr'>et</span> <span class='ocrx_word' id='word_1_370' title='bbox 845 3394 954 3433; x_wconf 88' lang='lat' dir='ltr'>summa</span> <span class='ocrx_word' id='word_1_371' title='bbox 982 3394 1102 3452; x_wconf 88' lang='lat' dir='ltr'>sequens</span> <span class='ocrx_word' id='word_1_372' title='bbox 1130 3373 1264 3450; x_wconf 81' lang='lat' dir='ltr'>vestigia,</span> 
     </span>
     <span class='ocr_line' id='line_1_39' title="bbox 152 3458 1259 3542; baseline -0.003 -24"><span class='ocrx_word' id='word_1_373' title='bbox 152 3464 250 3518; x_wconf 77' lang='lat' dir='ltr'>namat</span> <span class='ocrx_word' id='word_1_374' title='bbox 270 3458 433 3517; x_wconf 89' lang='lat' dir='ltr'>Philotheos</span> <span class='ocrx_word' id='word_1_375' title='bbox 454 3461 612 3539; x_wconf 85' lang='lat' dir='ltr'>patriarcha</span> <span class='ocrx_word' id='word_1_376' title='bbox 631 3462 797 3542; x_wconf 86' lang='lat' dir='ltr'>Cpolitanus</span> <span class='ocrx_word' id='word_1_377' title='bbox 817 3461 848 3518; x_wconf 84' lang='lat' dir='ltr'>in</span> <span class='ocrx_word' id='word_1_378' title='bbox 868 3459 993 3522; x_wconf 87' lang='lat' dir='ltr'>Homilia</span> <span class='ocrx_word' id='word_1_379' title='bbox 1019 3463 1109 3541; x_wconf 86' lang='lat' dir='ltr'>prima</span> <span class='ocrx_word' id='word_1_380' title='bbox 1138 3459 1259 3535; x_wconf 91' lang='lat' dir='ltr'>quadra-</span> 
     </span>
     <span class='ocr_line' id='line_1_40' title="bbox 153 3541 1259 3632; baseline 0.002 -30"><span class='ocrx_word' id='word_1_381' title='bbox 153 3544 278 3622; x_wconf 85' lang='lat' dir='ltr'>gesimae</span> <span class='ocrx_word' id='word_1_382' title='bbox 297 3545 436 3606; x_wconf 89' lang='lat' dir='ltr'>dominica</span> <span class='ocrx_word' id='word_1_383' title='bbox 456 3547 589 3609; x_wconf 78' lang='lat' dir='ltr'>recitatas</span> <span class='ocrx_word' id='word_1_384' title='bbox 620 3551 657 3632; x_wconf 71' lang='grc' dir='ltr'>τῇ</span> <span class='ocrx_word' id='word_1_385' title='bbox 674 3549 804 3630; x_wconf 72' lang='grc' dir='ltr'><strong><em>κυριακῇ</em></strong></span> <span class='ocrx_word' id='word_1_386' title='bbox 825 3541 918 3631; x_wconf 77' lang='grc' dir='ltr'><strong><em>ταύτῃ</em></strong></span> <span class='ocrx_word' id='word_1_387' title='bbox 938 3545 990 3608; x_wconf 81' lang='grc' dir='ltr'>καλ</span> <span class='ocrx_word' id='word_1_388' title='bbox 1008 3543 1112 3627; x_wconf 75' lang='grc' dir='ltr'><strong><em>πρώτη</em></strong></span> <span class='ocrx_word' id='word_1_389' title='bbox 1128 3549 1190 3606; x_wconf 80' lang='grc' dir='ltr'>τῶν</span> <span class='ocrx_word' id='word_1_390' title='bbox 1204 3565 1259 3622; x_wconf 86' lang='grc' dir='ltr'>νη·</span> 
     </span>
     <span class='ocr_line' id='line_1_41' title="bbox 155 3622 1260 3712; baseline -0.004 -20"><span class='ocrx_word' id='word_1_391' title='bbox 155 3632 261 3692; x_wconf 75' lang='lat' dir='ltr'>creoda</span> <span class='ocrx_word' id='word_1_392' title='bbox 282 3625 304 3709; x_wconf 73' lang='grc' dir='ltr'><em>ἦ</em></span> <span class='ocrx_word' id='word_1_393' title='bbox 323 3633 379 3692; x_wconf 81' lang='grc' dir='ltr'>τοῦ</span> <span class='ocrx_word' id='word_1_394' title='bbox 403 3633 537 3711; x_wconf 77' lang='grc' dir='ltr'><strong><em>Χριστοῦ</em></strong></span> <span class='ocrx_word' id='word_1_395' title='bbox 558 3629 699 3708; x_wconf 74' lang='grc' dir='ltr'><strong><em>ἐκκλησία</em></strong></span> <span class='ocrx_word' id='word_1_396' title='bbox 720 3625 869 3712; x_wconf 73' lang='grc' dir='ltr'><strong><em>ἑορτάζειν</em></strong></span> <span class='ocrx_word' id='word_1_397' title='bbox 890 3629 1040 3712; x_wconf 79' lang='grc' dir='ltr'><strong><em>παρέλαβε</em></strong></span> <span class='ocrx_word' id='word_1_398' title='bbox 1067 3627 1125 3708; x_wconf 69' lang='grc' dir='ltr'>τήν</span> <span class='ocrx_word' id='word_1_399' title='bbox 1160 3622 1260 3704; x_wconf 81' lang='grc' dir='ltr'><strong><em>σ’ρθο·</em></strong></span> 
     </span>
     <span class='ocr_line' id='line_1_42' title="bbox 155 3706 1259 3797; baseline -0.005 -19"><span class='ocrx_word' id='word_1_400' title='bbox 155 3715 261 3788; x_wconf 68' lang='lat' dir='ltr'>tostas</span> <span class='ocrx_word' id='word_1_401' title='bbox 290 3710 359 3792; x_wconf 74' lang='grc' dir='ltr'><strong><em>ἤτοι</em></strong></span> <span class='ocrx_word' id='word_1_402' title='bbox 382 3709 439 3793; x_wconf 72' lang='grc' dir='ltr'>τὴν</span> <span class='ocrx_word' id='word_1_403' title='bbox 467 3709 675 3794; x_wconf 80' lang='grc' dir='ltr'><strong><em>οἷναστήλοσιν</em></strong></span> <span class='ocrx_word' id='word_1_404' title='bbox 704 3717 765 3778; x_wconf 77' lang='grc' dir='ltr'>τῶν</span> <span class='ocrx_word' id='word_1_405' title='bbox 792 3721 909 3778; x_wconf 73' lang='grc' dir='ltr'><strong><em>σεπτοῖν</em></strong></span> <span class='ocrx_word' id='word_1_406' title='bbox 929 3715 981 3779; x_wconf 87' lang='grc' dir='ltr'>καλ</span> <span class='ocrx_word' id='word_1_407' title='bbox 1003 3715 1097 3797; x_wconf 73' lang='grc' dir='ltr'><strong><em>ἁγίων</em></strong></span> <span class='ocrx_word' id='word_1_408' title='bbox 1119 3706 1259 3787; x_wconf 80' lang='grc' dir='ltr'><strong><em>εἰκόνων,</em></strong></span> 
     </span>
     <span class='ocr_line' id='line_1_43' title="bbox 153 3795 1261 3882; baseline -0.005 -20"><span class='ocrx_word' id='word_1_409' title='bbox 153 3796 321 3882; x_wconf 77' lang='grc' dir='ltr'><strong><em>γενομένην</em></strong></span> <span class='ocrx_word' id='word_1_410' title='bbox 342 3795 424 3881; x_wconf 75' lang='grc' dir='ltr'><strong><em>παραὶ</em></strong></span> <span class='ocrx_word' id='word_1_411' title='bbox 446 3797 573 3879; x_wconf 79' lang='grc' dir='ltr'><strong><em>Μιχαὴλ</em></strong></span> <span class='ocrx_word' id='word_1_412' title='bbox 590 3798 741 3882; x_wconf 24' lang='grc' dir='ltr'><strong><em>βασιλέως,</em></strong></span> <span class='ocrx_word' id='word_1_413' title='bbox 752 3799 804 3864; x_wconf 81' lang='grc' dir='ltr'>καὶ</span> <span class='ocrx_word' id='word_1_414' title='bbox 829 3795 988 3880; x_wconf 68' lang='lat' dir='ltr'>accedeus</span> <span class='ocrx_word' id='word_1_415' title='bbox 1006 3805 1061 3877; x_wconf 80' lang='grc' dir='ltr'>τῆς</span> <span class='ocrx_word' id='word_1_416' title='bbox 1075 3795 1186 3861; x_wconf 75' lang='grc' dir='ltr'><strong><em>τούτου</em></strong></span> <span class='ocrx_word' id='word_1_417' title='bbox 1201 3820 1261 3876; x_wconf 86' lang='grc' dir='ltr'>μη·</span> 
     </span>
     <span class='ocr_line' id='line_1_44' title="bbox 155 3878 1263 3970; baseline -0.004 -24"><span class='ocrx_word' id='word_1_418' title='bbox 155 3880 225 3964; x_wconf 81' lang='grc' dir='ltr'>τρός</span> <span class='ocrx_word' id='word_1_419' title='bbox 244 3887 299 3963; x_wconf 79' lang='grc' dir='ltr'>τῆς</span> <span class='ocrx_word' id='word_1_420' title='bbox 321 3885 470 3964; x_wconf 84' lang='grc' dir='ltr'><strong><em>μακαρίας</em></strong></span> <span class='ocrx_word' id='word_1_421' title='bbox 494 3887 647 3965; x_wconf 80' lang='grc' dir='ltr'><strong><em>βασιλίδος</em></strong></span> <span class='ocrx_word' id='word_1_422' title='bbox 667 3885 720 3948; x_wconf 84' lang='grc' dir='ltr'>καὶ</span> <span class='ocrx_word' id='word_1_423' title='bbox 744 3889 800 3948; x_wconf 75' lang='grc' dir='ltr'>τοῦ</span> <span class='ocrx_word' id='word_1_424' title='bbox 821 3883 910 3970; x_wconf 78' lang='grc' dir='ltr'><strong><em>οἱγλοσ</em></strong></span> <span class='ocrx_word' id='word_1_425' title='bbox 932 3887 1097 3948; x_wconf 78' lang='lat' dir='ltr'>Medodlov</span> <span class='ocrx_word' id='word_1_426' title='bbox 1111 3878 1263 3962; x_wconf 75' lang='grc' dir='ltr'><strong><em>πατριάρ-</em></strong></span> 
     </span>
     <span class='ocr_line' id='line_1_45' title="bbox 156 3959 1263 4054; baseline -0.004 -22"><span class='ocrx_word' id='word_1_427' title='bbox 156 3993 211 4050; x_wconf 79' lang='grc' dir='ltr'>χου</span> <span class='ocrx_word' id='word_1_428' title='bbox 235 3964 593 4043; x_wconf 84' lang='grc' dir='ltr'><strong><em>Κωνσταντινοαπόλεως.</em></strong></span> <span class='ocrx_word' id='word_1_429' title='bbox 637 3969 740 4054; x_wconf 76' lang='grc' dir='ltr'><strong><em>γέγονε</em></strong></span> <span class='ocrx_word' id='word_1_430' title='bbox 763 3966 910 4045; x_wconf 74' lang='grc' dir='ltr'><strong><em>δὀῧτοος.</em></strong></span> <span class='ocrx_word' id='word_1_431' title='bbox 952 3968 1085 4042; x_wconf 74' lang='grc' dir='ltr'><strong><em>Λέοντος</em></strong></span> <span class='ocrx_word' id='word_1_432' title='bbox 1099 3973 1154 4030; x_wconf 81' lang='lat' dir='ltr'>rori</span> <span class='ocrx_word' id='word_1_433' title='bbox 1164 3959 1263 4029; x_wconf 80' lang='lat' dir='ltr'>&#39;lucel-</span> 
     </span>
     <span class='ocr_line' id='line_1_46' title="bbox 158 4047 1265 4138; baseline -0.003 -21"><span class='ocrx_word' id='word_1_434' title='bbox 158 4078 214 4136; x_wconf 88' lang='grc' dir='ltr'>ρον</span> <span class='ocrx_word' id='word_1_435' title='bbox 235 4051 312 4116; x_wconf 80' lang='lat' dir='ltr'>nard</span> <span class='ocrx_word' id='word_1_436' title='bbox 333 4049 547 4136; x_wconf 69' lang='lat' dir='ltr'>napupoipnow</span> <span class='ocrx_word' id='word_1_437' title='bbox 567 4061 649 4120; x_wconf 76' lang='grc' dir='ltr'><strong><em>θεοῦ</em></strong></span> <span class='ocrx_word' id='word_1_438' title='bbox 668 4053 705 4119; x_wconf 79' lang='lat' dir='ltr'>sd</span> <span class='ocrx_word' id='word_1_439' title='bbox 727 4061 863 4138; x_wconf 75' lang='grc' dir='ltr'><strong><em>σκῆπτρα</em></strong></span> <span class='ocrx_word' id='word_1_440' title='bbox 888 4057 943 4134; x_wconf 80' lang='grc' dir='ltr'>τῆς</span> <span class='ocrx_word' id='word_1_441' title='bbox 973 4055 1123 4138; x_wconf 71' lang='grc' dir='ltr'><strong><em>βασιλείας</em></strong></span> <span class='ocrx_word' id='word_1_442' title='bbox 1141 4047 1265 4134; x_wconf 76' lang='grc' dir='ltr'><strong><em>’κρατή-</em></strong></span> 
     </span>
     <span class='ocr_line' id='line_1_47' title="bbox 158 4137 1264 4224; baseline -0.004 -22"><span class='ocrx_word' id='word_1_443' title='bbox 158 4159 267 4214; x_wconf 86' lang='grc' dir='ltr'><strong><em>σαντος</em></strong></span> <span class='ocrx_word' id='word_1_444' title='bbox 294 4138 318 4220; x_wconf 70' lang='grc' dir='ltr'>η’</span> <span class='ocrx_word' id='word_1_445' title='bbox 345 4144 400 4219; x_wconf 81' lang='grc' dir='ltr'>τῆς</span> <span class='ocrx_word' id='word_1_446' title='bbox 429 4139 636 4222; x_wconf 79' lang='grc' dir='ltr'><strong><em>εἶκονομαχίας</em></strong></span> <span class='ocrx_word' id='word_1_447' title='bbox 659 4139 770 4224; x_wconf 75' lang='grc' dir='ltr'><strong><em>ἤρξατο</em></strong></span> <span class='ocrx_word' id='word_1_448' title='bbox 795 4141 848 4205; x_wconf 88' lang='grc' dir='ltr'>καὶ</span> <span class='ocrx_word' id='word_1_449' title='bbox 875 4137 1115 4220; x_wconf 69' lang='grc' dir='ltr'><strong><em>ἐπαρρησιάσατο</em></strong></span> <span class='ocrx_word' id='word_1_450' title='bbox 1142 4140 1264 4220; x_wconf 73' lang='grc' dir='ltr'><strong><em>αἵρεσις.</em></strong></span> 
     </span>
     <span class='ocr_line' id='line_1_48' title="bbox 158 4221 1265 4309; baseline -0.003 -23"><span class='ocrx_word' id='word_1_451' title='bbox 158 4223 275 4287; x_wconf 77' lang='grc' dir='ltr'><strong><em>ἐκείνου</em></strong></span> <span class='ocrx_word' id='word_1_452' title='bbox 297 4221 330 4287; x_wconf 77' lang='lat' dir='ltr'>di</span> <span class='ocrx_word' id='word_1_453' title='bbox 351 4221 385 4288; x_wconf 65' lang='lat' dir='ltr'>ro*</span> <span class='ocrx_word' id='word_1_454' title='bbox 407 4227 460 4306; x_wconf 78' lang='grc' dir='ltr'>ζῆν</span> <span class='ocrx_word' id='word_1_455' title='bbox 481 4229 580 4300; x_wconf 75' lang='grc' dir='ltr'><strong><em>κακῶς</em></strong></span> <span class='ocrx_word' id='word_1_456' title='bbox 602 4221 830 4309; x_wconf 78' lang='grc' dir='ltr'><strong><em>ἄπορρήξαντος</em></strong></span> <span class='ocrx_word' id='word_1_457' title='bbox 852 4223 1001 4288; x_wconf 74' lang='grc' dir='ltr'><strong><em>ἆέκελνου</em></strong></span> <span class='ocrx_word' id='word_1_458' title='bbox 1023 4222 1087 4298; x_wconf 72' lang='grc' dir='ltr'><strong><em>αἰὲς</em></strong></span> <span class='ocrx_word' id='word_1_459' title='bbox 1102 4229 1265 4287; x_wconf 83' lang='grc' dir='ltr'><strong><em>Κωνσταν·</em></strong></span> 
     </span>
    </p>
   </div>
   <div class='ocr_carea' id='block_1_5' title="bbox 101 4305 1262 4397">
    <p class='ocr_par' dir='ltr' id='par_1_5' title="bbox 101 4305 1262 4397">
     <span class='ocr_line' id='line_1_49' title="bbox 101 4305 1262 4397; baseline -0.002 -26"><span class='ocrx_word' id='word_1_460' title='bbox 101 4325 105 4332; x_wconf 84' lang='grc'>’</span> <span class='ocrx_word' id='word_1_461' title='bbox 159 4314 240 4386; x_wconf 77' lang='grc' dir='ltr'><strong><em>τίνος</em></strong></span> <span class='ocrx_word' id='word_1_462' title='bbox 254 4307 273 4374; x_wconf 86' lang='lat' dir='ltr'>o‘</span> <span class='ocrx_word' id='word_1_463' title='bbox 288 4306 499 4396; x_wconf 71' lang='lat' dir='ltr'>Konpoiuopoc</span> <span class='ocrx_word' id='word_1_464' title='bbox 511 4312 566 4393; x_wconf 74' lang='grc' dir='ltr'>τῆς</span> <span class='ocrx_word' id='word_1_465' title='bbox 580 4305 674 4396; x_wconf 59' lang='lat' dir='ltr'>cippis</span> <span class='ocrx_word' id='word_1_466' title='bbox 694 4313 817 4396; x_wconf 75' lang='grc' dir='ltr'><strong><em>καὶτῆς</em></strong></span> <span class='ocrx_word' id='word_1_467' title='bbox 832 4309 973 4397; x_wconf 74' lang='grc' dir='ltr'><strong><em>αἱρέσεως</em></strong></span> <span class='ocrx_word' id='word_1_468' title='bbox 987 4305 1125 4394; x_wconf 76' lang='grc' dir='ltr'><strong><em>διάδοχος</em></strong></span> <span class='ocrx_word' id='word_1_469' title='bbox 1139 4311 1262 4396; x_wconf 74' lang='grc' dir='ltr'><strong><em>γίνεται.</em></strong></span> 
     </span>
    </p>
   </div>
   <div class='ocr_carea' id='block_1_6' title="bbox 0 0 1542 4916">
    <p class='ocr_par' dir='ltr' id='par_1_6' title="bbox 0 0 1542 4916">
     <span class='ocr_line' id='line_1_50' title="bbox 0 0 1542 4916; baseline 0 0"><span class='ocrx_word' id='word_1_470' title='bbox 0 0 1542 4916; x_wconf 95' lang='lat' dir='ltr'> </span> 
     </span>
    </p>
   </div>
  </div>
 </body>
</html>
