2958 4918
452 273 807 370 'mooonuorn
832 285 883 372 ι’
1160 301 1231 375 151

4 495 6 504 ι
122 464 179 530 πᾶν
194 463 318 548 βασιίία
329 461 552 546 ποίνχρονίζιιν
566 485 617 525 seu
631 461 666 530 td
686 459 913 550 αοίνχρόνισμα
927 457 1056 527 memore
1066 482 1116 528 neu
1136 471 1231 532 ποίν-

121 548 249 636 χρόνιον
256 557 364 616 ποιεῖν.
381 553 429 628 qui
439 571 500 610 mos
510 553 670 628 exantiquo
679 569 758 612 nrore
770 554 856 612 hodie
867 571 982 630 quoque
996 553 1111 613 Graecis
1127 553 1232 614 adhue-¹

1 714 3 725 Ι
121 645 176 698 ret
219 639 344 700 secunda
362 643 408 696 est
428 643 543 713 porture
562 637 737 716 evangelium
749 639 779 697 in
802 639 1051 718 supplicationibus
1070 657 1104 698 ac
1119 639 1231 722 litaniis.¹
1331 673 1333 680 ι

121 721 331 798 rectractetur
349 715 455 795 adroic
475 720 629 797 συνιστὰς
649 721 700 786 καί
724 719 858 802 αἰτήσεις
876 729 984 788 notatu.
1024 724 1120 800 inepte
1142 725 1231 784 inter-

0 867 3 872 r
121 829 205 884 pres:
228 811 433 868 emamanuel
447 811 611 887 repetitiones
624 813 656 867 ιἰι
669 808 816 888 cirsacere.
858 815 1036 868 correxerunt
1049 809 1096 868 alii
1106 809 1230 869 collector

1 892 2 895 '
119 900 148 958 el
161 913 259 972 ριαιαι.
280 898 349 957 sunt
368 895 518 956 σαναιιταί
540 893 654 972 proprie
670 912 745 970 quae
765 895 842 973 apud
861 914 915 954 nos
939 895 979 952 in.
994 893 1071 954 boris
1086 895 1229 954 canonicis

120 985 259 1040 vocantur
272 997 376 1056 precer,
399 977 498 1036 diebus
521 979 686 1037 ieiuniorum
704 979 883 1058 potissimum
902 980 1040 1056 usitatae,
1060 998 1120 1038 nou
1142 981 1230 1038 modo

118 1066 153 1122 in
165 1064 311 1122 matutinis
327 1065 378 1120 sed
391 1068 422 1120 et
445 1063 478 1120 in
495 1063 612 1144 singulis
632 1063 716 1130 horis.
738 1070 768 1123 et
783 1083 884 1144 preces
900 1064 965 1123 illae
985 1083 1056 1141 quas
1078 1070 1146 1142 post
1165 1065 1229 1124 lita-

0 1222 4 1236 *
120 1149 184 1208 nias
208 1169 262 1228 pro
282 1148 357 1212 omni
378 1142 522 1213 bominum
546 1155 675 1214 statuet
696 1151 795 1208 ordine
814 1151 976 1227 fundimus,
989 1149 1144 1228 ipsissimae
1161 1155 1230 1209 sunt

118 1235 295 1296 Graecorum
308 1234 472 1307 σανααιαί,
496 1235 659 1311 quanquam
671 1241 701 1293 et
716 1254 787 1310 quas
806 1255 860 1298 nos
881 1255 1012 1297 vocamus
1033 1235 1159 1297 collectos
1174 1233 1230 1294 boc

1 1361 2 1366 ι
81 1358 85 1366 ·
118 1321 235 1381 nomine
252 1318 395 1399 appellare
407 1317 447 1376 nil
460 1323 554 1397 vetat,
577 1321 643 1394 quia
664 1319 839 1380 Graecorum
848 1320 969 1399 liturm'is
990 1319 1228 1400 adstipulantibus

119 1405 180 1464 fiet.
209 1407 279 1464 haec
300 1410 395 1464 autem
421 1404 462 1462 ita
486 1423 549 1462 esne
567 1406 706 1482 intelliget
725 1406 815 1464 lector
835 1425 899 1464 eum
920 1426 955 1464 er
974 1405 1035 1464 aliis
1056 1391 1266 1465 GraecorumP
1286 1390 1338 1446 ¹⁷³

1 1483 7 1540 ]“
118 1491 268 1552 ritualibus
280 1488 358 1548 libris
376 1495 436 1548 tum
451 1507 486 1548 ex
498 1489 681 1569 Euebologio.
701 1491 793 1550 valeat
811 1492 898 1569 igitur
910 1491 1073 1551 Boneiidrus
1086 1511 1149 1550 curn
1169 1490 1229 1550 suis

1 1621 2 1629 ι
119 1575 324 1636 convexionibus
337 1577 574 1654 strepetitiuribra
596 1583 698 1653 quartu
708 1583 754 1636 est
767 1570 900 1651 ἀπόντος
914 1570 1125 1658 ἄρχιδιαιιὸνοιι
1145 1570 1229 1639 trud.
1308 1609 1312 1616 ·

1 1727 3 1739 ,
119 1683 176 1725 ναι
192 1655 307 1742 κηροιίς
319 1666 383 1734 σοῖς
403 1657 626 1742 ἐνίῷίίμβανι
643 1657 816 1737 διακόνοις,
837 1664 943 1723 obruite
961 1663 1150 1722 archidiacono
1163 1660 1230 1723 dore

1 1756 3 1761 '
118 1767 208 1808 cereos
229 1747 349 1807 dicarat
369 1749 400 1805 ιἰι
414 1747 530 1806 carbone.
551 1746 600 1804 ubi
615 1747 741 1826 pessimo
758 1748 897 1827 interpres
921 1767 975 1826 pro
994 1741 1110 1828 ιιηροιίς
1129 1745 1228 1823 legens

1 1883 6 1909 ρ
118 1825 249 1912 παιροιίς
272 1831 371 1889 uertit:
385 1837 514 1912 tempora
538 1832 604 1890 doro
627 1832 765 1908 diaconis,
796 1835 844 1911 qui
862 1833 969 1892 amboni
992 1834 1119 1890 ιαυίνιιί.
1133 1817 1228 1908 quid,

0 1925 2 1928 ’
121 1935 244 1995 quaeso,
265 1921 310 1974 est
323 1921 441 1995 temporo
455 1916 520 1976 dore
533 1917 674 1977 drbcooir?
700 1936 794 1994 neque
817 1922 987 1982 correctores
1002 1917 1099 1976 autin
1117 1913 1228 1976 Graeca
1300 1959 1301 1964 ι

117 2003 261 2080 scriptura
273 2007 324 2063 aut
337 2001 367 2058 in
382 2001 520 2062 Bonefidii
533 2003 773 2081 interpretatione
786 1999 861 2066 bunc
881 2009 940 2063 tom
967 2007 1080 2080 turpem
1104 2019 1228 2062 errorem

116 2088 397 2165 animaduerteruntq
411 2093 446 2145 ut
459 2086 503 2147 vel
523 2088 588 2148 hinc
610 2089 719 2164 liqueat
737 2107 822 2166 quam
841 2089 927 2148 rudes
945 2106 1039 2146 rerum
1058 2086 1227 2145 ecclesiasti-
1270 2093 1275 2104 '

4 2193 8 2260 1·
116 2191 215 2236 carum
227 2173 275 2230 isti
288 2191 306 2232 a
319 2171 458 2236 catholica
468 2173 603 2256 religione
618 2175 710 2232 auersi
720 2176 758 2234 ad
771 2175 843 2231 ritus
858 2173 1058 2232 ecclesiasticos
1071 2191 1120 2230 seu
1135 2171 1227 2228 Grae·

117 2279 168 2322 eos
185 2279 236 2322 seu
253 2256 373 2322 Latinos
391 2258 571 2338 explicandos
593 2261 737 2319 accedant.
760 2259 830 2318 dicit
849 2264 944 2324 autem
964 2260 1068 2318 atcerte
1086 2257 1227 2316 orchidia·

4 2399 6 2428 s
82 2369 84 2374 ·
115 2365 193 2421 cono,
206 2345 286 2421 quia,
299 2348 334 2404 ut
342 2344 469 2406 Codinus
482 2345 572 2408 tradit
585 2364 613 2422 p.
628 2346 669 2408 94
683 2365 709 2403 r.
725 2347 776 2419 20,
791 2343 856 2402 olim
869 2345 982 2420 quidem
993 2361 1097 2420 magns
1109 2340 1226 2400 ecclesia

1 2433 3 2442 '
115 2429 242 2490 habebat
262 2429 504 2504 archidiaconum,
519 2431 571 2486 sed
592 2433 694 2506 postea
713 2427 820 2486 nullum
839 2429 955 2505 habuit,
977 2445 1064 2504 quare
1084 2424 1101 2490 ὁ
1121 2428 1226 2490 δευτε-

2 2530 6 2538 ’
116 2510 218 2592 perior
235 2518 332 2592 partes
347 2515 411 2571 eius
427 2513 577 2591 supplevit.
614 2513 679 2574 hinc
702 2514 744 2570 ait
765 2513 871 2572 Circius
894 2512 1013 2571 secundi·
1032 2511 1141 2587 diaconi
1161 2526 1226 2568 esse

115 2601 247 2662 etiamin
266 2599 327 2658 aliis
340 2599 528 2657 archidiaconi
549 2617 651 2676 munus
672 2597 803 2676 explere3
820 2616 854 2656 ex
874 2598 976 2672 quibus
996 2597 1070 2655 torte
1093 2594 1148 2654 boc
1170 2600 1228 2671 est,
1251 2605 1256 2623 ³

1 2702 3 2712 ’
115 2689 237 2762 θυμιᾶν
250 2680 304 2746 τὸν
316 2682 454 2764 βασιλέα,
473 2686 669 2763 imperatorem
684 2702 780 2756 recens
793 2688 957 2744 coronatum
969 2685 1086 2758 taceare,
1097 2686 1130 2748 ut
1143 2684 1230 2740 vocat,

2 2763 5 2793 ί
115 2771 249 2848 ecelesia,
269 2769 412 2846 venerari,
432 2769 514 2845 eique
541 2769 613 2827 bene
632 2769 793 2830 ominatum.
801 2767 871 2827 illud
887 2787 999 2828 carmen
1019 2767 1143 2826 accinere
1166 2762 1226 2826 “rc-

0 2857 1 2860 ’
115 2857 242 2916 cordetur
261 2856 382 2914 doninus
402 2853 465 2914 dau
486 2858 541 2930 τῆς
565 2855 717 2935 βασιλείας
738 2857 812 2930 σᾶς,
842 2857 923 2930 regni
941 2857 997 2929 tui,
1018 2857 1048 2912 ιἰι
1065 2871 1149 2928 reguo
1165 2869 1226 2926 ruo,

114 2961 188 3002 ιιιιιισ
203 2947 230 3000 ct
242 2959 340 3024 semper
355 2945 381 2998 et
399 2943 429 2998 ιἰι
445 2941 536 2998 rocula
549 2942 708 3022 secutorum,
729 2931 835 3000 ornenff²
871 2939 912 2998 sio
928 2939 1003 2998 idern
1022 2937 1117 2996 fausta
1135 2935 1226 2995 accla-

114 3028 242 3088 matione
265 3021 489 3104 prosequebatur
509 3025 710 3104 patriarchum:
737 3024 890 3104 μνησθείη
915 3017 1022 3104 ιιιίριος
1040 3021 1056 3086 ὅ
1076 3017 1151 3094 θείς
1167 3024 1226 3100 τῆς

1 3109 2 3112 “
115 3105 344 3192 ἀρχιερωσύνης
365 3128 438 3186 σου,
459 3111 609 3169 recordetur
623 3109 743 3169 dominor
758 3112 932 3189 pordifiootm
948 3112 991 3168 tut
1002 3109 1098 3185 ubique
1111 3126 1183 3166 nunc
1197 3111 1225 3165 ct

1 3217 3 3225 ’
115 3217 217 3276 semper
231 3203 257 3256 et
270 3199 301 3254 ιἰι
314 3195 405 3254 recula
419 3196 570 3254 seculorum.
592 3213 645 3253 neo
665 3194 720 3253 boc
734 3193 821 3254 fiebat
833 3201 946 3253 tantum
967 3213 1002 3252 eo
1027 3194 1072 3250 die
1093 3209 1150 3267 quo
1171 3191 1225 3249 irn-

1 3278 3 3284 ’
113 3288 232 3362 perator
244 3279 464 3358 inaugurabatur
484 3286 515 3338 et
528 3281 732 3357 coronabatur,
752 3281 807 3339 sed·
822 3279 933 3356 quoties
950 3279 980 3336 in
996 3276 1141 3336 ecclesiam
1156 3294 1225 3336 ven-

1 3367 2 3392 l
115 3367 229 3426 titubat.
249 3385 284 3426 ea
297 3367 334 3425 de
346 3383 431 3424 causa
442 3365 483 3424 ait
498 3359 629 3425 'citnusc
648 3357 746 3427 udrori
758 3359 817 3446 γάρ
839 3361 956 3444 tortori
976 3358 1050 3442 perd
1071 3358 1129 3442 την
1147 3359 1225 3422 elco-

114 3453 174 3515 δον
191 3445 329 3530 ιιίφημία
343 3453 405 3513 τῶν
422 3449 569 3531 βασιλέων
587 3448 639 3511 καὶ
661 3444 837 3532 ἀρχιερέων,
858 3452 944 3528 ipsius
965 3453 1004 3507 ert
1022 3446 1225 3526 imperaror-ibor

115 3543 144 3598 et
160 3537 328 3616 potrr‘urcbt'r
343 3538 375 3594 ιἰι
394 3535 518 3613 ternplum
538 3539 665 3610 ingressis
679 3535 743 3594 deno
760 3538 884 3614 precaris
912 3533 966 3592 nisi
988 3533 1051 3609 quis
1066 3531 1135 3590 illud
1148 3525 1222 3610 perri

113 3617 175 3704 την
183 3620 303 3685 ιίσοδον
312 3626 373 3702 port
386 3623 535 3697 ingressum
548 3621 651 3678 referre
664 3619 731 3677 velit
744 3621 784 3678 ad
793 3619 951 3696 ingressum
963 3619 993 3676 in
1011 3615 1222 3676 tabernaculum

113 3727 168 3767 seu
183 3707 214 3766 in
227 3711 515 3782 sanctasanctorum,
538 3705 580 3770 ite
596 3710 629 3762 ut
639 3705 733 3762 fausta
745 3704 815 3762 bueo
832 3704 994 3764 acclamatio
1008 3704 1084 3761 facta
1102 3702 1140 3759 rit
1154 3705 1223 3778 post

112 3792 275 3853 absolutam
287 3790 535 3869 supplicationem,
556 3791 588 3848 in
601 3808 659 3866 qua
679 3789 760 3866 panis
780 3789 1037 3867 praesanctificatus
1059 3787 1097 3844 ad
1117 3784 1222 3842 sacrifi-

112 3881 189 3940 cium
207 3876 452 3937 circumferebatur
469 3895 524 3970 per
549 3875 686 3952 templum
709 3880 740 3933 et
761 3880 862 3952 postea
879 3876 917 3934 ad
936 3873 1025 3932 altare
1042 3869 1222 3928 inferebatur.

115 3984 175 4042 quo
188 3963 222 4022 fit
238 3970 273 4021 ut
282 3962 424 4020 secundus
439 3961 572 4019 diaconus
585 3955 742 4038 εὐφημίαν
757 3959 830 4018 hanc
850 3959 1005 4018 instituerit
1021 3974 1151 4032 regresso
1164 3955 1222 4012 ianr

113 4048 276 4130 patriarcba
303 4045 455 4107 adultere
480 4051 511 4104 et
530 4045 710 4125 processione
730 4044 877 4118 absoluta3
909 4043 987 4121 quod
1014 4059 1082 4100 vero
1105 4039 1223 4120 propius

110 4138 355 4280 wdengqoebatur
368 4208 551 4294 δευτερείων
567 4216 630 4277 τῶν
647 4209 799 4277 διακόνων
816 4183 880 4273 ιιοιιΙ
898 4209 976 4286 quod
995 4210 1025 4268 in
1047 4210 1146 4268 ordine
1162 4207 1222 4265 dia-

112 4324 252 4366 conorum
268 4320 390 4382 magnae
401 4301 533 4362 ecclesiae
548 4300 689 4361 secundus
709 4306 801 4377 esset,
821 4299 872 4358 sed
885 4299 1016 4377 respectu
1033 4296 1071 4356 ad
1087 4292 1225 4355 archidia-
