3016 4906
470 309 515 376 ΙΝ
536 309 682 375 CODlNl
697 309 780 375 GAP.
799 309 907 376 XVll.
1138 357 1142 366 ι
1167 313 1241 382 365

146 474 267 528 decenter
290 470 480 541 complicatum,
503 475 661 542 postremos,
684 470 729 539 qui
753 469 825 540 prior
854 471 992 540 dignitate,
1023 487 1114 543 panem
1142 489 1242 528 sacrum

147 543 219 595 disco
244 542 430 611 superpositum
455 557 486 592 ac
509 542 622 593 velatum
649 541 727 608 capiti
749 539 986 611 superimpositum,
1010 546 1123 609 gestant.
1147 544 1244 613 primas

146 611 307 665 sacerdotum
323 609 428 662 calicem
445 610 505 661 vino
523 610 643 674 mixtum,
661 609 703 660 alii
720 626 817 662 sacram
835 609 962 674 lanceam,
988 627 1087 663 sacram
1104 613 1245 681 spongiam,

146 681 260 740 stellam,
280 678 372 731 calices
389 695 485 731 vacuos
501 679 542 730 vel
560 695 605 748 pro
626 678 713 748 populi
731 679 810 730 sacris
826 678 1004 750 participantis
1022 682 1175 733 necessitate
1188 682 1246 750 ple-

146 767 193 801 nos
212 749 339 802 deserunt.
360 747 473 814 haecque
490 754 550 800 sunt
566 764 640 800 sacra
657 764 734 812 vasa,
755 765 820 816 quae
837 748 877 799 hic
898 755 985 800 tenere
1002 748 1129 814 leguntur.
1148 756 1245 802 tractat

144 817 245 870 abunde
272 816 304 868 de
330 816 385 868 istis
418 815 600 884 Euclrologium
625 833 657 868 ac
685 817 810 870 Simeonis
835 816 1072 879 Thessalonicensis
1103 835 1181 888 opere
1211 823 1244 872 de
1325 821 1327 830 ’

145 885 240 958 templo
258 890 285 938 et
300 885 379 938 missa
396 902 511 956 nupera
528 886 600 938 nobis
617 885 697 938 edito.
739 931 741 936 .

215 988 250 1041 ib.
277 1006 304 1070 v:
321 989 349 1042 7.
371 983 574 1054 περιελθόντες]
600 1003 617 1040 a
632 987 760 1070 prothesi,
777 985 811 1038 dc
828 1003 878 1055 qua
895 1003 987 1071 supra,
1004 985 1037 1041 ad
1048 986 1170 1041 ecclesiae
1180 1005 1242 1056 por-

146 1063 200 1110 tam
218 1063 384 1122 exteriorem,
402 1062 429 1107 et
446 1056 479 1108 ab
498 1073 529 1108 ea
546 1056 580 1108 ad
596 1058 691 1108 medias
708 1071 845 1125 sacrasque
860 1056 947 1110 altaris
964 1058 1033 1110 iores
1050 1057 1198 1127 procedunt.

214 1145 249 1196 ib.
266 1161 293 1196 v.
305 1144 347 1195 10.
366 1134 416 1194 cdo
432 1138 607 1262 norprdcppv
625 1137 783 1225 ἴστάμενον]
808 1142 876 1195 dous
896 1159 971 1196 sacra
988 1141 1138 1213 missamque
1159 1159 1245 1196 secum

145 1211 319 1278 celebrantes,
337 1210 483 1264 sacerdotes
500 1210 621 1263 videncet
637 1217 665 1264 et
679 1211 822 1278 ministros,
840 1218 1013 1283 excepturum.

162 1367 190 1420 ᾖ
206 1297 250 1418 ilp.
267 1313 295 1350 v.
308 1298 348 1419 ¹}
375 1289 442 1349 etot
458 1292 675 1364 πρωτοψοίλτην]
692 1303 840 1351 recensetur
855 1303 940 1353 umen
964 1297 1032 1351 inter
1056 1297 1243 1352 ecclesiasticos

144 1385 161 1421 o
192 1383 268 1420 maes
284 1382 307 1418 c.
344 1403 353 1421 .

214 1471 240 1523 p.
250 1454 284 1507 96
301 1469 328 1505 v.
338 1451 378 1506 1³.
396 1442 487 1517 ὥσπερ
504 1444 554 1503 καὶ
570 1443 601 1501 ol
621 1444 714 1518 ἱερεῖς]
738 1450 788 1504 boc
812 1454 865 1516 est,
891 1449 980 1505 ambas
1005 1451 1105 1524 species
1126 1451 1200 1522 panis
1216 1459 1243 1505 et

144 1523 198 1575 vini
213 1521 350 1592 separatim
369 1518 476 1590 occipit,
501 1517 660 1572 sacerdotum
684 1535 772 1584 more,
793 1521 883 1574 relicta
906 1521 982 1591 plebe
1005 1538 1095 1589 panem
1120 1522 1178 1573 rino
1201 1521 1242 1573 in-

144 1593 267 1717 μὶὲιῃτὶὶιμμθ,
284 1589 424 1644 sacerdotis
441 1603 531 1655 mauu,
550 1587 577 1639 in
600 1587 727 1642 cochleari
752 1586 838 1660 λα’βύς
861 1597 971 1657 vocato,
994 1591 1022 1644 iu
1044 1590 1241 1646 communionem
1311 1623 1317 1640 .

228 1766 264 1824 ib.
278 1783 304 1822 v.
322 1763 370 1824 17.
390 1762 426 1820 de
440 1761 569 1818 antidoro
583 1761 638 1820 iam
655 1781 742 1838 supro
760 1763 839 1840 adp.
854 1760 895 1826 48
915 1783 942 1822 v.
962 1767 1012 1827 20.
1035 1762 1178 1842 eleganter
1191 1766 1241 1824 de-

145 1849 274 1910 scribitur
295 1867 314 1906 a
334 1848 464 1905 Simeone
485 1844 513 1902 T
514 1846 727 1904 hcssalonicensi
741 1847 777 1904 iu
796 1847 888 1905 libello
909 1848 945 1906 de
966 1848 1079 1926 templo.
1116 1853 1241 1929 posthaec

145 1938 230 1995 sacris
245 1955 263 1994 o
277 1934 396 2012 prothesi
413 1932 529 2008 oblatis,
550 1931 661 1990 diacono
679 1932 782 2010 quidem
801 1933 874 1990 disco
886 1952 964 2012 super
980 1939 1078 2012 caput,
1098 1936 1242 1993 sacerdoti·

145 2023 195 2080 δατ
209 2027 297 2079 cutem
310 2020 432 2077 monibus
448 2017 543 2075 calices
557 2019 723 2092 tenentibus,
743 2022 800 2096 ipsc
814 2021 914 2094 gratiis
926 2021 996 2077 ociis
1008 2024 1034 2076 et
1050 2021 1171 2080 monibus
1181 2021 1244 2080 lotis

143 2105 294 2183 egreditur,
317 2103 435 2182 quodque
447 2107 558 2160 uocatur
572 2098 737 2181 dvrldupov
752 2107 786 2160 r'n.
791 2103 917 2182 populum
932 2104 1078 2164 distribuit.
1121 2109 1243 2184 quoniam

143 2194 213 2252 enim
229 2194 364 2270 episcopus
381 2189 533 2259 Christum,
554 2192 586 2246 ut
607 2187 759 2264 docuimus,
776 2190 915 2266 exprimit,
932 2191 1016 2268 ιμιανι
1036 2196 1062 2249 et
1077 2193 1244 2270 somficouit

144 2283 171 2336 et
181 2278 359 2355 participavit
371 2279 397 2331 ct
410 2276 525 2331 sumatis
539 2275 606 2332 viris
616 2276 769 2350 impertivit.
811 2276 1046 2351 sanctificationem
1067 2283 1157 2334 outcm
1176 2296 1243 2354 por-

144 2365 257 2439 ticipure
268 2379 333 2437 opus
345 2364 383 2416 est
393 2358 537 2435 populum,
563 2365 664 2434 quanta
686 2357 788 2436 quidem
800 2381 818 2418 a
826 2359 947 2436 precibus
957 2365 982 2416 et
993 2361 1122 2419 tremendo
1134 2362 1243 2438 rocn'ji-

144 2450 186 2506 cic
198 2444 372 2504 intellectuali
389 2441 593 2519 modosrdelibur
606 2446 797 2502 cornmunicoln
815 2449 863 2501 eri.
906 2449 931 2500 ct
951 2447 1073 2520 quonium
1093 2465 1141 2524 per
1161 2451 1243 2504 vertes

144 2531 292 2611 quurdoru,
313 2534 344 2587 ut
358 2547 425 2606 pune
439 2545 532 2606 culpus
547 2532 722 2600 contexerint,
745 2530 979 2605 sanctificationem
997 2531 1114 2606 occipere
1135 2535 1243 2608 oportet,

138 2637 190 2697 per
207 2610 373 2694 οἷντίδοορον
386 2613 417 2671 id
423 2614 471 2692 fit.
513 2617 552 2670 ert
564 2619 650 2670 cutem
661 2616 844 2691 sanctificatus
852 2616 933 2690 ponis
941 2616 970 2670 in
977 2613 1095 2690 protdcsr'
1105 2619 1243 2692 repon'tur,

142 2722 178 2762 ex
189 2722 239 2780 quo
251 2701 362 2758 medium
379 2703 510 2756 exsectum
523 2697 560 2754 od
580 2700 742 2776 sacrificium
757 2699 877 2774 offertur.
919 2697 961 2755 bic
970 2704 1063 2776 posteo
1076 2705 1107 2756 ut
1122 2699 1243 2760 lunceolu

141 2791 284 2862 sr'grmtus,
304 2790 330 2844 ct
345 2783 443 2842 diuinis
462 2782 547 2841 ocrbrir
560 2801 637 2860 cuper
655 2803 682 2842 re
699 2783 804 2861 factm,
824 2784 880 2840 loco
900 2781 1024 2860 donorum
1044 2785 1243 2860 tremendorum,

141 2871 267 2932 uidelicet
283 2873 320 2929 iis
340 2871 388 2946 qui
410 2887 462 2926 non
488 2872 725 2943 communicarunt,
748 2869 911 2946 dispertitur.
954 2868 1022 2946 quod
1046 2871 1180 2951 episcopus
1195 2872 1244 2931 ubi

139 2957 212 3039 fecit
231 2962 257 3014 ct
269 2954 367 3035 populo
383 2954 444 3012 bene
458 2957 583 3031 precatur
602 2959 656 3029 ert,
667 2955 752 3032 finem
765 2956 859 3012 misem
874 2955 995 3032 imponit.

213 3078 278 3134 ibid.
314 3071 469 3144 sivriducov
491 3075 568 3144 ponis
587 3075 744 3145 benedictus,
769 3068 908 3130 cincinnis
930 3069 1017 3145 ἁγίων
1040 3071 1153 3146 δώρων,
1170 3095 1240 3131 com·

143 3149 266 3206 munionis
284 3147 343 3200 vice
362 3146 389 3198 in
413 3145 521 3199 ecclesia
545 3151 674 3214 sumptus,
699 3145 731 3198 de
748 3163 798 3233 puo
822 3145 957 3199 Balsamon
978 3146 1004 3197 in
1028 3160 1084 3197 can.
1107 3149 1125 3200 2
1147 3149 1241 3200 Antio-

145 3220 268 3272 chenumr
285 3209 442 3284 ἐπενοήθη,
460 3209 498 3276 ὥς
515 3208 618 3278 bornen,
636 3208 655 3281 ἡ
672 3215 725 3268 cori
743 3211 899 3281 αντιδώρον
916 3209 1042 3275 διάδοσις
1059 3208 1126 3268 ὥστε
1146 3217 1240 3272 πᾶσαν

144 3283 271 3353 ἀνάγκην
290 3280 361 3351 ἔχειν
376 3283 424 3336 καὶ
441 3276 543 3345 ebronis
563 3277 628 3344 τοὺς
643 3278 681 3352 μὴ
704 3279 877 3353 δυναμένους
898 3281 1062 3352 μεταλαβεῖν
1082 3285 1137 3337 τῶν
1153 3281 1241 3352 ἀνίαν

143 3352 193 3412 nul
210 3353 354 3422 ζμοποιῶν
389 3351 525 3419 οοτηρίων
546 3357 760 3420 προσκαρτερεῖν
783 3347 862 3422 μέχρι
884 3346 980 3412 τέλους
1000 3351 1050 3418 τῆς
1067 3352 1150 3416 θείας
1165 3351 1238 3422 [ερο-

142 3420 280 3482 seleucius
295 3417 343 3473 nod
375 3437 391 3471 ιι
407 3413 497 3487 prende
514 3416 653 3487 ἱερατικῆς
668 3417 819 3491 λαμβάνειν
837 3413 906 3474 orrico*
924 3415 963 3481 sle
981 3417 1127 3490 ἁγιασμόν.
1144 3441 1177 3476 en
1193 3441 1240 3476 cor

143 3491 265 3563 ἆμίασμα
281 3495 357 3542 vocet
373 3495 477 3550 auctor,
501 3489 569 3556 quod
586 3489 699 3542 nimirum
716 3489 872 3543 sumentibus
895 3489 1124 3544 sanctificationem
1149 3509 1242 3562 opere-

143 3571 205 3627 tur,
220 3559 281 3628 quia
296 3556 366 3628 prius
382 3555 607 3610 sancuficarionem
620 3559 734 3627 accepit,
753 3558 822 3626 quod
840 3577 871 3612 ex
889 3559 944 3611 eins
966 3559 1031 3611 mole
1053 3561 1141 3612 oblata
1163 3560 1242 3614 fuerit

144 3636 280 3699 excerpta,
296 3627 364 3696 quod
381 3642 468 3679 sacras
484 3642 526 3676 res
543 3623 659 3693 attigerit
674 3642 706 3678 ac
722 3626 841 3696 precibus
857 3627 981 3696 liturgicis
1004 3644 1105 3701 semper
1128 3628 1241 3684 adsuerit

144 3713 273 3773 praesens.
290 3697 354 3750 ritus
371 3711 422 3766 quo
439 3693 600 3747 distribuitur
616 3693 750 3748 exhibetur
765 3696 794 3749 io
810 3697 997 3766 Eucbologiois.

227 3815 263 3874 ib.
279 3832 305 3872 v.
322 3815 369 3876 19.
391 3806 598 3888 catechumena]
619 3809 749 3869 scribitur
774 3811 860 3872 eliam
881 3815 1129 3892 κατηχονμενεΐα,
1160 3811 1237 3871 locus

144 3902 251 3977 inquo
281 3896 470 3956 catechumeni
489 3896 530 3954 rei
549 3895 657 3954 divinoe
684 3915 798 3976 operam
818 3897 932 3958 dabant.
963 3895 1087 3976 amplum
1112 3915 1145 3956 ac
1172 3917 1244 3979 spa-¹

143 3987 248 4046 tiosum
260 3985 346 4044 fuisse
360 3985 480 4061 oportet.

212 4099 279 4156 ibid.
307 4113 428 4167 nusquam
452 4112 502 4168 pro
524 4093 757 4150 catechumenorum
781 4095 951 4152 mansionibus
973 4095 1015 4150 hic
1037 4097 1174 4170 sumendo,
1191 4099 1238 4154 sed
1316 4091 1318 4102 '

143 4185 191 4240 pro
208 4170 272 4222 locis
293 4169 371 4221 verbo
396 4165 438 4218 dei
454 4163 596 4232 ciliciisque
618 4162 799 4219 ecclesiasticis
815 4162 946 4218 audiendis
964 4165 997 4219 ad
1017 4167 1165 4236 templorum
1180 4185 1239 4223 mu·

143 4255 188 4290 ros
197 4236 341 4290 exstructis.
363 4237 430 4289 tales
443 4234 519 4288 bodie
535 4233 646 4286 ridemus
660 4235 702 4287 rel
712 4235 743 4286 ad
757 4233 905 4303 templorum
920 4251 1007 4305 naves,
1024 4243 1053 4289 nt
1064 4244 1174 4301 vocant,
1194 4254 1238 4291 su·

144 4323 225 4378 perne
243 4323 275 4361 ac
290 4307 445 4374 introrsum,
470 4304 513 4359 vel
533 4301 596 4357 loris
615 4302 786 4375 prominentes
804 4300 936 4374 porticus,
959 4306 986 4360 iu
1004 4305 1111 4362 sublime
1126 4312 1237 4378 moetas,
