2942 4916
235 313 309 388 258
393 310 605 382 GRETSERI
616 311 673 380 ET
688 310 1171 382 commutassemus

234 481 342 542 meses
362 478 445 534 srsxu
461 479 479 534 s
496 478 514 532 e
531 474 626 532 veroa
643 473 760 530 socom
776 491 802 544 p.
818 455 879 528 ato.
896 491 952 529 am
970 473 1081 546 amaa
1091 473 1224 528 tantuma
1234 492 1261 545 p.
1272 457 1334 532 sis.

236 550 327 605 exinde
337 569 362 621 p.
375 548 427 605 586
443 545 600 601 Boaiiacium
618 541 805 598 Montisierrati
822 543 1002 612 marchionem,
1019 544 1170 600 Belduinum
1187 543 1337 612 Flandriae,

237 621 378 676 Hendcum
400 619 430 672 S.
454 615 531 670 Pauli
556 621 582 668 et
605 613 762 667 badericum
783 611 938 666 Blesensium
964 614 1069 668 comites
1090 608 1237 681 τοπάρχας
1256 609 1337 677 τινάς

239 684 358 758 cinerate
374 685 480 745 scribite
497 700 602 754 quorum
618 698 797 753 praecessores
814 680 1061 750 [hierosolymitanae
1096 682 1244 736 reiectionis
1261 689 1336 736 ante·

240 759 378 883 riAgpaupp,
400 749 542 823 τοπάρχας
566 757 594 807 st
614 748 754 822 νόμηταγ,
781 767 833 805 uon
847 767 898 806 uuo
914 751 976 806 libri
991 752 1060 808 tertii
1076 699 1134 806 ioco
1150 759 1338 808 memoraverat

300 844 316 880 a
356 841 469 880 emmena.

310 947 335 1000 p.
345 929 380 985 82
391 943 417 982 v.
430 928 473 982 21.
490 918 645 992 loyodisoo
662 917 836 993 ὑπηρέτημα]
852 922 885 976 de
898 922 1044 977 memoratis
1055 921 1187 976 referebat
1204 922 1238 978 ad
1254 923 1338 994 impe-

240 1004 362 1054 ratorem.
392 995 447 1049 Leo
463 992 650 1046 Grammaticus
663 991 689 1045 in
703 992 830 1046 Michaels
841 993 989 1064 Theophili:
1010 989 1172 1057 Θεόιτιοτος
1183 989 1339 1062 ῖογοθὲτης

241 1063 336 1124 ἐλθών
353 1062 393 1128 εἰς
408 1061 444 1118 τά
461 1057 628 1130 donatricem
645 1063 754 1130 ιιρατάν
770 1059 822 1125 τοῖς
844 1055 1005 1131 άναφοράς,
1030 1067 1057 1114 et
1076 1061 1159 1114 intras
1186 1055 1339 1132 ἐκελεύσθη

242 1133 299 1208 μετ’
317 1132 401 1205 ὀργῆς
418 1129 528 1196 άνοῖξαι
544 1125 595 1192 τάς
610 1123 758 1199 άναφοράς
773 1129 822 1184 νοεῖ
841 1127 1006 1200 άνοιγνάνοιι.
1041 1136 1172 1184 crescente
1184 1147 1287 1200 quoque
1297 1131 1340 1183 lo·

240 1207 363 1278 gothetae
379 1201 530 1257 auctoritate
546 1199 662 1254 decrevit
677 1199 784 1253 caniciei
798 1201 920 1270 digniter,
938 1206 965 1253 et
982 1209 1011 1252 ut
1027 1199 1072 1252 ille
1087 1200 1212 1270 rescripta
1229 1203 1339 1270 chryso-

240 1275 310 1332 bulla
328 1291 360 1327 ue
374 1269 495 1354 principis
512 1268 655 1333 emitteret,
668 1285 799 1389 purpura,
824 1287 874 1340 que
889 1268 945 1323 sola
961 1269 1128 1336 subsignsbat
1143 1268 1295 1338 imperator,
1313 1269 1339 1322 ei

242 1359 389 1398 commissa:
407 1339 519 1393 caorcleo
535 1337 654 1390 restitute
679 1339 779 1406 egitur,
799 1339 922 1392 Maenalis
939 1338 958 1392 Ι.
977 1339 994 1391 3
1011 1338 1080 1407 apud
1095 1338 1224 1391 Nicetam.
1260 1339 1338 1390 fidem

241 1415 346 1482 insuper
364 1410 412 1464 deo
432 1415 458 1461 et
474 1407 569 1490 popolo
589 1421 618 1458 ee
634 1414 794 1460 servaturum
812 1408 838 1459 iu
858 1409 912 1462 eius
935 1407 1050 1460 menibus
1071 1406 1241 1478 pollicebatur
1264 1407 1339 1479 pria-

243 1499 305 1553 ceps
324 1487 444 1534 recenter
460 1476 604 1567 iasttutup,
623 1482 702 1546 prout
721 1493 767 1529 suo
789 1477 846 1529 loco
858 1479 993 1534 referetur.

322 1616 355 1673 p.
367 1593 410 1656 33
422 1611 440 1650 v
453 1595 478 1655 1.
501 1590 656 1668 domestici]
678 1589 773 1649 diflert
787 1590 841 1649 iste
855 1611 870 1652 e
886 1591 1039 1650 domestico
1052 1609 1165 1650 mensae
1179 1595 1209 1649 et
1222 1589 1259 1648 ab
1277 1589 1339 1648 aliis

243 1679 410 1738 domesticis.
442 1677 483 1735 ita
502 1675 654 1734 vocabatur
677 1673 759 1756 παρά
784 1673 818 1739 sd
843 1678 1027 1758 ὄομεστίιιιον
1048 1696 1098 1734 seu
1126 1679 1340 1756 δομεστιιιεῖον,

244 1766 322 1842 quod
336 1770 381 1822 est
394 1782 439 1821 res
454 1761 622 1839 domestica,
644 1761 721 1822 cuius
735 1762 790 1820 iste
803 1782 895 1822 curum
915 1762 1049 1840 gerebat,
1069 1761 1195 1838 quamvis
1215 1762 1246 1819 in
1260 1767 1339 1819 cata-

242 1852 310 1928 logo
325 1849 500 1925 officialium,
521 1866 608 1925 supra
628 1867 651 1905 c.
674 1849 712 1925 2,
731 1867 789 1910 non
807 1853 982 1928 compareat:
1003 1853 1064 1908 erat
1083 1867 1151 1928 ergo
1169 1848 1224 1908 iste
1242 1847 1340 1907 dome-

243 1937 332 1996 sticus
345 1933 514 2011 domestici,
530 1934 567 1992 de
583 1951 639 2010 quo
652 1933 726 2000 infra
737 1933 838 1994 iterum
851 1935 977 1993 Codinus
986 1953 1011 1993 c.
1025 1938 1054 1998 7.

313 2058 378 2112 ibid.
411 2062 492 2112 mutat
515 2055 617 2125 quidam
638 2073 753 2119 sensum,
780 2063 809 2112 at
835 2057 942 2126 corrigit
966 2062 993 2112 ct
1019 2055 1146 2110 meliorem
1172 2053 1258 2110 reddit
1284 2053 1340 2106 lie-

245 2127 346 2196 giorum
365 2127 411 2179 AB
430 2126 523 2191 lectio,
540 2142 606 2196 quae
622 2126 688 2180 haec
703 2132 757 2183 estc
776 2124 923 2181 sciscito
941 2122 992 2197 μὶν
1011 2126 1086 2180 ἴδιον
1096 2125 1148 2179 τοῦ
1157 2121 1278 2194 μεγάῖον
1292 2125 1339 2176 to-

263 2191 368 2249 οθέτον
388 2190 571 2282 τίγειιγιοέτημαΞ
595 2189 628 2248 cd
653 2189 686 2248 db
702 2196 752 2249 τοῦ
765 2195 941 2282 μοσοιοτιιιίον
962 2195 1017 2266 (val
1036 2204 1065 2248 ut
1082 2196 1121 2259 B,
1137 2192 1340 2262 μεοαοτιαεῖον)

243 2215 380 2332 ἕνεογεῖν,
398 2282 420 2334 ῳ
438 2283 474 2317 οιν
488 2257 614 2330 &mercios
630 2258 645 2316 d
664 2265 796 2335 licostenes.
834 2273 861 2320 et
878 2268 925 2319 hoc
943 2282 1035 2319 monas
1052 2265 1185 2334 preprium
1196 2259 1341 2331 estmagni

244 2335 394 2404 logothetae
410 2333 456 2401 (ad
473 2350 548 2402 reges
566 2334 695 2399 nimiruum,
711 2335 822 2394 sultanm
840 2342 866 2388 et
888 2337 1024 2405 toparchae
1047 2334 1186 2401 scribere),
1207 2332 1284 2386 intra
1306 2332 1341 2383 ti-

244 2407 321 2457 ms'tca
339 2411 427 2458 cutem
447 2403 551 2473 imperii
564 2419 654 2457 sacrm
671 2404 754 2458 mittit
772 2405 795 2458 is
810 2407 854 2459 ονῖ
870 2405 1012 2474 imperator
1032 2403 1206 2456 mandauerit.
1240 2400 1278 2454 ibi
1295 2415 1344 2469 με·

244 2471 386 2526 οναιίιιιον
402 2489 419 2524 s
438 2489 477 2525 me
500 2472 656 2542 appellative
677 2473 914 2541 (Grammaticorum
937 2490 1007 2526 more
1034 2473 1137 2542 loquor)
1167 2470 1292 2534 sumitur,
1316 2472 1343 2521 et

245 2541 374 2596 subiectas
391 2542 540 2611 imperatori
558 2542 693 2612 regiones,
714 2559 762 2596 ceu
779 2544 892 2596 mediam
911 2543 966 2596 eius
982 2543 1121 2608 dicionem,
1144 2542 1244 2593 referre
1260 2538 1340 2592 addu-

245 2611 312 2665 bito.
347 2611 444 2664 certior
461 2609 619 2664 nihilominus
639 2613 740 2664 atlirmo
757 2613 928 2680 μεονατίκιον
944 2611 1075 2683 proprium
1091 2608 1170 2663 oiddi
1184 2625 1277 2662 noman
1296 2623 1341 2660 aa·

245 2679 411 2746 stimandum,
428 2677 484 2732 eius
499 2679 613 2732 nimirum
632 2681 673 2733 cui
689 2680 805 2748 negotia,
820 2681 919 2751 imperii
937 2689 1045 2746 statum,
1068 2687 1184 2744 secreta,
1207 2693 1341 2747 personam

244 2750 329 2820 ipram
344 2747 464 2802 fidentius
481 2748 615 2802 committit
633 2749 787 2819 imperator,
807 2767 864 2803 cum
884 2767 934 2822 quo
951 2767 1026 2804 curas
1037 2748 1142 2812 dividit3
1160 2746 1204 2816 qui
1214 2747 1343 2867 interpo-

244 2819 332 2889 pulum
355 2817 448 2870 militer
470 2823 586 2870 senatum
609 2818 737 2888 principes
764 2825 867 2874 exteros
890 2826 917 2872 et
936 2819 1018 2890 ipsum
1041 2818 1221 2887 imperatorem
1244 2833 1285 2868 me
1308 2816 1344 2868 'ue

246 2894 274 2939 et
288 2892 417 2954 eequmtcr
430 2883 583 2950 intercedite
600 2885 713 2957 quicum
724 2887 757 2941 ad
771 2889 820 2941 hoc
831 2905 921 2942 munus
932 2905 981 2940 non
993 2905 1025 2942 ex
1034 2886 1130 2940 moritis
1140 2902 1263 2954 semper,¹
1271 2884 1344 2937 velut

244 2955 393 3022 logotheta,
419 2954 464 3007 sed
482 2972 514 3007 ex
531 2954 588 3008 sola
607 2955 730 3027 principis
748 2956 832 3025 grath
850 2958 990 3026 furoreque
1008 2956 1164 3019 advocetur,
1184 2960 1258 3008 recte
1278 2951 1344 3006 scri·

245 3023 300 3092 psit
315 3029 422 3090 auctor,
441 3017 474 3076 sd
492 3017 524 3076 dl
540 3023 593 3078 τοῦ
607 3025 780 3094 μιοοιοτιιιίοο
797 3023 918 3095 ἐνεργεῖν
935 3027 1010 3080 ἴδιον
1029 3026 1066 3090 (ai
1086 3040 1191 3094 namque
1202 3021 1345 3093 particulae

244 3093 294 3146 iam
306 3091 461 3176 praemissae
469 3091 595 3162 iungitur)
613 3082 639 3165 pi
655 3085 693 3147 άν
708 3093 859 3161 moontelios
877 3090 892 3148 d
911 3093 1048 3166 βασιλεύει
1065 3095 1116 3148 hoc
1127 3101 1175 3161 est,
1194 3091 1344 3158 mmcrticii,

245 3177 319 3231 quaer
336 3161 406 3214 dicas
424 3161 567 3231 sequestri,
585 3180 678 3218 manus
695 3181 810 3218 ονοτοττο
828 3166 865 3217 ort
881 3183 938 3220 eum
954 3166 1048 3219 attinet
1069 3164 1111 3217 cai
1119 3163 1282 3232 praeceperit
1293 3163 1346 3214 im-

242 3238 360 3301 perator.
395 3228 564 3284 messaticium
582 3231 722 3285 huiuamodi
737 3233 860 3288 describit
877 3233 985 3288 Nicetes
1001 3233 1126 3287 Manuelis
1144 3232 1162 3285 l.
1178 3236 1209 3286 l:
1248 3229 1346 3284 eleda-

245 3294 298 3353 νόν
315 3294 347 3351 rid
398 3295 515 3354 νεύοντα
533 3297 579 3354 καὶ
591 3302 647 3355 τοῖν
658 3297 770 3356 οἰκείων
779 3297 980 3372 ὑποδρηοτῇοα
991 3299 1187 3388 διαταγμάτων
1200 3320 1216 3353 τ
1234 3294 1344 3384 νἈγιο-

244 3367 359 3453 deodop
371 3387 421 3490 rape
439 3368 553 3454 πάθῃσιν
571 3364 715 3440 Ἰωάννην.
749 3369 799 3426 sat
821 3361 858 3441 ἦν
881 3367 897 3424 d
921 3367 972 3442 μὲν
987 3372 1029 3442 τῷ
1040 3387 1180 3442 προοωιτω
1196 3387 1249 3424 τον
1267 3369 1346 3439 βασι-

246 3440 316 3498 λεως
331 3433 377 3490 cel
411 3454 597 3562 ereccopecop3
613 3438 661 3494 ιιαῖ
677 3435 713 3494 τά
729 3435 833 3495 τοάτον
849 3433 1006 3511 ἐντάλματα
1021 3435 1074 3495 ὅσοι
1092 3437 1140 3494 sal
1157 3423 1289 3507 ἓμφάαειτ
1313 3429 1344 3490 a

245 3507 405 3573 scelerosoe
426 3501 561 3576 μοῖοαςέ
597 3505 734 3579 εγόμινος.
769 3527 860 3565 rocem
882 3506 1032 3581 μεοεάοντα
1048 3510 1115 3563 inter
1137 3509 1202 3562 alias
1223 3509 1344 3568 observo,

243 3575 286 3647 coi
301 3570 455 3644 μεοάζοντα
470 3576 615 3699 significatu
631 3595 717 3650 parem
727 3596 744 3632 a
754 3579 823 3634 nullo
834 3579 988 3649 aagendam:
1004 3574 1093 3649 μέγαν
1102 3595 1179 3648 porro
1189 3575 1345 3646 μετάξοντα

244 3645 469 3715 protovestiarium
512 3645 651 3714 abasitem,
668 3665 715 3702 nec
730 3666 780 3702 non
797 3648 873 3704 alium
888 3645 958 3718 μενά
974 3647 1267 3702 ονιαιθοοωοοτοοιιω
1288 3659 1344 3696 me·

244 3719 328 3767 morat
350 3712 496 3768 Chronicon
521 3715 575 3771 GP.
609 3717 658 3770 iam
684 3735 747 3772 vero
770 3713 828 3773 άπὸ
850 3719 902 3772 τοῦ
924 3713 1049 3788 μεσάζειν
1065 3715 1237 3785 μεοαοτίιιιον
1252 3709 1345 3766 deduci

240 3782 311 3836 solus
327 3782 430 3851 ignorat
450 3783 493 3854 qui
512 3785 615 3839 Graece
631 3785 720 3840 nescit.
755 3786 926 3856 μεοαοτίιιιος
947 3786 1028 3854 igitur
1050 3786 1095 3839 ille
1122 3790 1163 3838 ast
1189 3775 1346 3854 μελεδωνὸν

241 3846 378 3921 μεοεάων,
397 3854 453 3907 τῶν
471 3853 619 3924 βασιλικῶν
643 3849 824 3925 duodenaria
848 3851 1053 3925 διαταγμάτων,
1077 3855 1130 3909 τοῦ
1153 3847 1287 3926 βασιλέως
1308 3841 1347 3903 τὰ

242 3914 399 3989 ἐντάλματα
413 3919 463 3976 καὶ
478 3915 609 3990 ἐμφάσεις
626 3915 818 3994 ἐκδεχόμενος,
841 3941 917 3995 quem
935 3925 1042 3978 eundem
1060 3931 1150 3977 auctor
1167 3923 1205 3977 ait
1223 3917 1345 3988 ἐνεργεῖν

242 3981 314 4071 δάν
329 3983 456 4057 ἐπιτάξαι
472 3985 488 4044 ὁ
507 3987 643 4062 βασιλεύς.
676 3994 752 4058 talis,
778 4011 819 4047 me
839 3994 938 4062 iudice,
960 4001 1022 4047 ante
1037 3992 1197 4061 tyrannidem
1214 3994 1346 4059 arreptam

242 4057 294 4108 furt
311 4058 427 4125 Phocea,
455 4060 499 4128 qui
518 4053 739 4128 ἐντοῖιιιάοιοςο
762 4062 838 4117 Theo
856 4065 936 4132 hane,
965 4082 982 4116 ο
1004 4064 1086 4116 semis
1108 4061 1244 4115 mandatis
1265 4057 1346 4112 icisse

241 4125 363 4211 scribitur
378 4127 404 4182 io
425 4127 568 4195 Maurici03
586 4130 631 4199 qui
646 4129 673 4182 in
690 4130 764 4192 aula,
784 4082 856 4202 quod
868 4132 1002 4186 mandator
1017 4132 1043 4185 iu
1061 4131 1195 4194 exercitu,
1220 4123 1257 4184 τά
1273 4143 1345 4198 μαν-

241 4191 317 4247 ιῖατοι
333 4191 408 4264 γνάμ
445 4197 496 4250 τοῦ
518 4192 654 4267 ἄρχοντος
675 4196 787 4271 διδούς,
810 4202 1008 4274 exsequebatur.
1043 4201 1083 4254 ita
1105 4199 1246 4254 Mauricius
1269 4195 1345 4250 alius.

239 4261 380 4386 :flatrum
397 4215 586 4339 dueophsnerz
613 4261 630 4326 d
652 4264 771 4342 οτνατόγ
791 4262 1000 4344 inclinamenta
1016 4262 1208 4344 tremencia
1223 4261 1275 4323 τὸν
1292 4264 1341 4336 βυ·
