2968 4924
262 289 311 356 oo
520 341 525 352 .
572 285 723 357 comm
747 285 1048 355 emersurum
1108 260 1110 264 ’

261 442 323 528 των
336 463 390 541 τῆς
403 457 577 545 ἐκκλησίας,
607 457 664 536 τὰς
677 457 761 546 ἱεράς
776 456 877 524 aizoo
891 465 1057 548 φοροῦντες
1070 454 1192 541 στολάς.
1241 463 1359 546 σιωπῆς

264 565 298 632 δέ
311 561 443 648 μεγάλης
456 565 507 628 καί
519 563 646 649 ἠρεμίας
660 561 817 647 γινομένης
834 562 866 626 ἐν
881 570 925 652 τῷ
937 570 1013 652 ναῷ,
1033 563 1159 648 πίμπων
1176 561 1359 652 ὃπατριάρ·

222 677 248 731 Ι)
262 694 321 752 χης
340 671 551 752 προσκαλείτοιι
567 666 639 742 τοὺς
652 670 805 747 βασιλεῖς,
836 667 942 747 οίτινες
955 669 1005 733 καί
1017 655 1155 755 ίρχονται
1167 669 1215 733 ἐπὶ
1228 665 1283 750 τόν
1295 666 1359 750 άμ-

256 777 343 854 βωνα
351 819 361 848 ,
387 768 463 836 ὅπου
476 766 493 835 ὃ
508 765 699 854 πατριάρχης
712 769 802 834 ἐστίν.
836 767 991 837 ἐλθόντων
1005 770 1039 836 tt
1055 767 1253 856 ἀναγινώσκει
1269 761 1360 848 οὗτος

260 874 317 951 τάς
336 875 383 938 ἐπί
399 875 498 961 χρίσει
516 873 667 955 βασιλίων
686 873 918 956 συντεθειμίνας
935 869 1042 957 εάχάς,
1064 873 1121 953 τάς
1132 875 1188 957 μὲν
1202 879 1383 956 μοστικῶςὸ

260 976 317 1054 τάς
330 977 364 1042 δέ
376 980 427 1042 καί
442 978 597 1064 ἐκφωνῶν,
629 973 750 1041 ίκετεάει
766 976 865 1062 δὲκαὶ
881 976 1023 1060 εόμενίζει
1044 975 1098 1042 τὸν
1119 976 1198 1043 θεὸν
1209 972 1285 1062 άπίρ
1302 981 1360 1058 τοῦ

258 1082 421 1165 μέλλοντος
430 1076 662 1166 χρισθάσεσθαι
675 1079 836 1161 βασιλέως.
885 1079 963 1164 μετὰ
979 1082 1125 1148 δὲταῦτα
1140 1081 1255 1167 ἐπαίρει
1267 1080 1323 1163 μὲν
1339 1075 1358 1145 ὃ

260 1183 327 1261 νίας
340 1182 486 1266 βασιλείις
507 1180 523 1248 ό
546 1209 577 1248 τι
599 1181 637 1250 όν
658 1189 743 1269 φορῇ
762 1184 809 1247 ἐπὶ
828 1189 980 1270 κεφαλῆς,
1010 1182 1103 1260 esitio
1117 1185 1151 1249 δέ
1165 1180 1275 1260 πάντες
1289 1179 1359 1249 ὅσοι

178 1363 187 1383 χ
260 1284 446 1373 εὖρίοκονται
464 1288 495 1352 ἐν
509 1293 552 1376 τῷ
568 1291 634 1376 ναῷ
648 1283 893 1352 ἀποκαλόπτονσι
911 1287 967 1365 τάς
986 1287 1122 1374 κεφαλάς
1138 1290 1289 1354 ίστανται.
1337 1282 1357 1349 ὃ

260 1391 297 1456 tt
309 1386 500 1478 πατριάρχης
517 1391 597 1476 χρίει
621 1390 824 1473 οτανραειδῶς
844 1391 901 1474 τὴν
917 1390 1053 1478 κεφαλὴν
1072 1396 1128 1456 τοῦ
1148 1389 1300 1472 βασιλέως
1313 1395 1358 1476 τῷ
1366 1402 1400 1455 10

259 1496 336 1582 θείῳ
349 1490 456 1581 μόρῳ,
482 1493 625 1578 ἐπιλέγων
639 1489 756 1579 μεγάλῃ
770 1500 806 1580 τῇ
823 1495 909 1582 φωνῇ
929 1495 964 1561 τὸ
983 1493 1078 1579 άγιος.
1129 1493 1159 1559 oi
1176 1491 1310 1569 δὲόντες
1325 1492 1359 1556 ἐν
1399 1506 1403 1513 ’

154 1601 177 1652 Ρ
194 1603 244 1656 123
261 1603 304 1684 τῷ
319 1596 439 1679 άμβωνι
452 1595 562 1674 πάντες
576 1598 643 1685 περὶ
657 1595 711 1662 τὸν
724 1594 924 1684 πατριάρχην,
958 1593 1167 1680 διαδεχόμενοι
1180 1596 1237 1680 τὴν
1253 1593 1358 1682 φωνὴν

261 1700 380 1786 λίγοιισι
401 1703 451 1766 καί
473 1699 560 1766 αὐτοὶ
579 1701 613 1766 ἐκ
635 1701 738 1786 τρίταν
759 1700 794 1768 τὸ
817 1699 912 1787 άγιας.
961 1697 1075 1784 ὁμοίως
1091 1702 1125 1767 δὲ
1139 1703 1190 1768 καί
1202 1699 1237 1766 τὸ
1251 1697 1357 1764 λοιπόν

242 1811 315 1871 1τοῦ
329 1809 408 1869 tout
422 1811 544 1888 πλῆθος
558 1805 591 1868 ἐκ
603 1804 709 1890 τρίτον
725 1804 801 1889 λέγει
816 1804 869 1870 τὸν
882 1801 975 1870 αὐτὸν
988 1802 1087 1891 λόγον.
1378 1859 1383 1867 .

360 1908 456 1974 Μετὰ
471 1908 624 1987 δὲταῦτα,
644 1908 670 1972 εί
682 1907 737 1973 καί
746 1933 823 1986 τινες
835 1907 971 1993 λέγουσιν
984 1906 1032 1975 ότι
1045 1909 1094 1974 ἐπὶ
1109 1909 1164 1990 τῆς
1178 1901 1266 1990 άγίας
1278 1929 1355 1991 rpo-
1364 1915 1397 1970 15

258 2011 349 2094 πίζης
362 2021 457 2076 κεῖται
470 2012 506 2077 τό
520 2011 640 2094 στίμμα
652 2017 708 2086 τοῦ
717 2011 867 2093 βασιλέως
873 2058 884 2090 ,
907 2009 979 2075 ἀλλ’
997 2012 1052 2078 οὐκ
1064 2009 1128 2078 ίστι
1144 2013 1251 2074 τοῦτο·
1273 2006 1357 2084 ἐντὸς

234 2115 292 2182 ,δὲ
311 2121 366 2178 τοῦ
388 2111 475 2200 ἆγίοο
495 2114 637 2199 βήματος
657 2112 861 2200 κρατοάμενον
881 2110 941 2180 ὑπὸ
963 2110 1182 2191 iratissumis
1196 2111 1280 2201 ἱεράς
1295 2135 1355 2200 φο-

257 2213 390 2304 ροόντων
405 2218 516 2298 στολάς
531 2217 634 2304 άγεται
648 2220 697 2283 ἐπὶ
712 2219 766 2284 τὸν
782 2216 923 2301 άμγίωνα.
1003 2241 1005 2246 ’

357 2325 399 2387 Et
420 2313 485 2402 σόν,
518 2319 561 2400 ὡς
579 2323 772 2410 προείπομεν,
804 2316 949 2408 πάρεστιν
974 2317 991 2386 ὃ
1014 2319 1160 2405 flectitis
1179 2320 1230 2384 καὶ
1253 2317 1351 2404 πατὴρ

255 2423 365 2504 αὐτοῦ,
392 2423 483 2503 αότός
497 2451 527 2492 τε
544 2428 594 2492 καί
610 2423 626 2491 ὁ
639 2423 830 2516 πατριάρχης
843 2422 987 2510 λαβόντες
998 2424 1033 2492 τὸ
1048 2426 1168 2508 στίμμα
1182 2422 1350 2487 ἐπιτιθίασι
1359 2433 1395 2488 20

254 2533 294 2615 τῇ
307 2535 425 2618 κεφαλῇ
441 2535 498 2594 rosi
510 2529 580 2596 νίοο
590 2530 751 2614 βασιλέως,
768 2532 818 2595 καὶ
833 2529 965 2618 ἐκφωνεΐ
978 2524 994 2594 ὃ
1007 2525 1197 2619 πατριάρχης
1209 2525 1243 2592 τὸ
1259 2524 1352 2603 άξιος.

217 2634 285 2696 Bai
296 2633 334 2698 δὲ
355 2633 416 2702 osia.
430 2632 493 2701 ίστι
514 2633 615 2722 πατὴρ
637 2635 750 2714 αὐτοῦ,
785 2641 869 2699 ποιεί
887 2627 1095 2717 ταῦταμόνας
1116 2628 1133 2698 ὅ
1154 2626 1352 2718 πατριάρχης.

325 2793 406 2850 suat
422 2791 538 2866 ἠρεμίας
554 2797 637 2852 οιοἈ
666 2861 671 2868 ‚
692 2795 710 2853 5
724 2793 857 2866 χρίσιιςΡ
917 2797 951 2851 12
967 2790 1070 2856 πάντες
1080 2791 1144 2862 περί
1153 2789 1206 2846 τόν
1217 2786 1353 2860 πατριάρ-

236 2910 241 2921 ,
324 2881 376 2935 ςην
392 2871 474 2923 omA
503 2889 505 2892 ·
544 2869 578 2924 14
594 2863 624 2922 ἐκ
640 2865 736 2936 τρίταν
754 2866 837 2921 αιαΑ
898 2867 939 2922 ’17
955 2863 1092 2935 βήματος]
1107 2861 1351 2942 θοοιαστηρίονλ

256 3007 286 3060 et
301 3022 359 3059 eum
374 3005 420 3059 iilo
435 3007 570 3076 digniores
587 3023 621 3060 ex
638 3004 765 3060 ecclesias
781 3003 944 3076 proceribus,
961 3002 1044 3057 sacris
1056 2999 1146 3058 amicti
1157 3000 1243 3058 stolis.
1259 3018 1352 3072 msgno

256 3082 342 3128 autem
356 3074 464 3130 'silentio
482 3079 553 3131 fecto
575 3083 602 3130 et
618 3075 708 3146 quiete
724 3083 783 3129 orta
801 3074 952 3143 intemplo,
970 3075 1049 3126 misso
1069 3071 1190 3143 quopiam
1207 3079 1286 3125 vocat
1303 3089 1351 3141 ps-

255 3144 373 3199 triarcha
390 3147 580 3218 imperatores,
599 3145 689 3215 quiin
707 3147 841 3198 ambonem
860 3144 893 3197 ad
909 3143 1085 3215 patriarcham
1103 3141 1223 3196 veniunt.
1258 3142 1352 3211 quibus

254 3217 437 3284 praesentibus
454 3217 519 3286 legit
535 3214 685 3286 patriarcha
701 3216 735 3268 ad
753 3213 899 3267 unctionem
916 3215 1101 3283 imperatorum
1115 3210 1273 3280 compositos
1290 3228 1351 3279 pre-

255 3301 315 3352 ces,
334 3287 428 3354 purtim
449 3287 546 3354 tacite,
557 3285 659 3355 ‘partin
677 3284 748 3338 clara
764 3301 843 3337 vocer
861 3283 993 3355 supplicat
1007 3292 1093 3336 autem
1111 3281 1160 3335 deo
1178 3297 1227 3348 pro
1244 3280 1289 3332 illo
1306 3280 1350 3348 qui

251 3351 279 3406 iu
302 3353 487 3425 imperatorem
509 3355 674 3438 inungendus
698 3362 754 3419 est,
780 3369 892 3423 eumque
913 3353 1050 3422 eidemque
1076 3351 1218 3422 propitium
1239 3349 1351 3403 reddero

251 3425 350 3478 studet.
385 3425 512 3498 posthaec
533 3425 602 3484 tollit
622 3441 707 3478 novus
724 3423 867 3494 imperator
885 3423 980 3492 capitis
995 3429 1187 3492 tegumentum,
1207 3420 1350 3488 qualecun-

251 3510 305 3561 que
315 3495 377 3548 iliud
390 3495 480 3548 fuerit.
505 3493 645 3561 evestigio
662 3501 756 3560 autern,
776 3492 906 3562 quotquot
922 3492 1062 3562 intemplo
1078 3491 1256 3562 τερετίσμασι,
1272 3507 1350 3560 aper-

251 3564 286 3619 tis
305 3565 437 3635 capitibus
454 3565 569 3618 adstant.
605 3572 632 3618 ut
647 3562 798 3636 patriarcha
815 3562 900 3616 erucis
916 3562 944 3614 in
961 3564 1070 3615 ios-mam
1088 3567 1169 3633 eaput
1183 3558 1349 3648 imperatoris

251 3634 342 3689 divino
364 3647 496 3703 unguento
519 3632 638 3702 inungit,
669 3633 791 3686 accinens
812 3632 882 3685 eluto
904 3649 971 3686 voce
996 3632 1060 3685 illud
1075 3627 1219 3686 “sanctua'
1262 3645 1350 3682 omnes

250 3721 330 3788 porro
347 3706 391 3774 qui
408 3721 466 3757 cum
483 3703 631 3772 patriarcha
651 3711 712 3756 sunt
728 3703 754 3756 in
773 3703 892 3770 ambone,
917 3702 1080 3772 excipientes
1097 3717 1188 3755 vocem
1208 3706 1305 3752 canunt
1323 3705 1351 3751 et

249 3774 303 3843 ipsi
321 3773 400 3827 tertio
416 3773 482 3826 illud
497 3767 651 3826 “sanctus'’
682 3789 748 3847 quos
766 3770 889 3825 siruiliter
901 3771 1006 3842 reliqna
1023 3770 1114 3843 populi
1129 3768 1268 3824 multitudo
1286 3770 1348 3822 sub-

248 3845 378 3914 sequitur,
397 3851 439 3896 ter
453 3842 518 3896 iilud
533 3837 674 3896 “summus''
691 3842 897 3895 admodulanter.
1141 3853 1142 3860 ¹

305 3911 449 3969 (Postheec
465 3911 526 3967 iicet
544 3913 598 3966 sint
615 3912 661 3981 qui
677 3914 793 3979 nudant,
812 3917 921 3964 stemma
934 3926 982 3962 ssu
999 3927 1121 3963 coronam
1138 3908 1305 3979 imperatoris
1321 3907 1349 3960 in

247 3993 339 4037 saneta
356 3999 446 4037 mensa
462 3983 606 4054 repositum
625 3998 701 4050 esse,
728 3982 756 4043 iu
774 3989 861 4034 tamen
877 3995 953 4033 secus
971 3987 1027 4048 est,
1052 3980 1115 4048 quia
1138 3979 1210 4033 intra
1232 3985 1348 4032 senatum

248 4051 443 4106 tabernaculum
460 4059 567 4116 tenetur
582 4069 598 4108 a
611 4051 731 4106 diaconis
748 4067 837 4106 sacras
854 4057 944 4104 vestes
959 4049 1125 4115 terentibus3
1142 4050 1348 4120 deportatusque

248 4121 452 4178 memborum·
694 4166 697 4172 .

271 4219 274 4227 ¹
319 4193 349 4246 Si
363 4194 455 4263 igitur,
473 4198 504 4258 ut
521 4199 598 4247 antea
616 4193 723 4258 dictum,
743 4190 819 4242 adest
837 4186 980 4259 imperator
999 4195 1076 4259 pater
1092 4187 1158 4254 eius,
1178 4187 1237 4260 ipse
1256 4193 1283 4239 et
1299 4203 1346 4256 pa-

249 4262 364 4318 triarcha
381 4270 515 4333 occeptum
534 4270 643 4318 stemma
659 4262 796 4332 imponunt
814 4260 878 4314 novi
896 4258 1064 4328 imperatoris
1079 4256 1175 4326 cupiti,
1198 4255 1348 4326 patriarcha

249 4331 313 4390 istud
329 4334 464 4390 iuciuents
477 4327 619 4408 “dignus’'
652 4331 676 4386 si
703 4339 779 4403 petar
804 4347 856 4384 non
881 4329 949 4382 adsit
972 4335 1018 4382 ant
1042 4327 1120 4382 etiem
1143 4345 1197 4382 uou
1222 4324 1347 4398 supersit,
