3050 4924
461 347 522 414 DE
549 349 728 420 osricus
755 353 816 421 GP.
842 354 931 424 GAP.
955 357 1001 425 V.
1236 361 1286 432 35

184 514 332 596 ὡσαύτως
344 518 416 598 τούς
427 522 556 601 λοιπούς
570 528 635 617 τῶν
646 520 809 609 ἀρχόντων.
837 557 839 564 ’
862 523 926 594 εἶτα
939 526 1067 616 φέρουσί
1077 529 1112 601 τδ
1126 535 1181 599 rot
1192 537 1286 616 βασι-

184 624 260 699 λέως
283 625 463 690 διαανίκιον·
489 617 526 692 ού
546 629 598 692 καὶ
619 627 766 705 δοθέντος
786 635 830 717 τῷ
848 635 974 711 βασιλεῖ
980 633 1066 721 παρὰ
1079 641 1137 700 τού
1149 635 1283 722 μεγάλου

184 729 403 816 πριμμικηρίου
413 775 424 808 ,
451 725 493 807 ὡς
516 729 631 817 εἴρηται
636 778 651 813 ,
677 730 773 808 εύδύς
796 733 826 798 οἲ
848 730 1037 823 ἕταιρίύρχαι
1063 742 1192 804 καλοῦσι-
1212 742 1285 819 τούς

183 829 357 907 ἐπιλοίπους
361 878 372 909 ,
396 831 470 909 τούς
484 832 523 899 sd
539 832 663 900 κύκαινα
679 831 818 919 δηλονότι
834 844 1005 925 φοροῦντας
1021 837 1189 926 σκαρύνιιια
1196 890 1207 923 ,
1233 847 1285 908 καὶ

158 929 301 1010 5πύντας
311 933 383 1011 τούς
393 932 485 1002 κάτω.
537 939 711 1022 καὶγίνεται
725 939 781 1022 μέν
793 935 873 1004 ούτω
885 947 975 1006 τοῦτο
990 939 1133 1022 πάντοτε,
1158 942 1237 1012 κατά
1251 971 1283 1012 τε

181 1034 238 1118 τὴν
250 1043 307 1102 τού
322 1035 442 1126 ἀρδροο
459 1037 543 1126 ὥραν
556 1046 612 1125 τῆς
627 1043 813 1129 λειτουργίας
827 1045 876 1107 καὶ
890 1040 1063 1132 ἓσιιιρινοῦ·
1088 1047 1166 1129 μιτά
1181 1049 1214 1114 δὲ
1228 1048 1283 1133 τὴν

181 1137 347 1221 ἀπόλυσιν,
369 1144 396 1206 εὶ
409 1143 465 1226 μὲν
481 1142 540 1226 ἔχει
555 1145 680 1228 θέλημα
693 1141 865 1228 ὃβασιλεύς
877 1147 930 1213 ἰ’να
947 1145 1145 1237 δημηγορήση
1158 1148 1179 1232 ἢ
1194 1150 1279 1240 εύερ-
1295 1149 1320 1204 Ῐ)

179 1240 293 1331 μετήση
307 1244 450 1332 ippone
461 1245 539 1334 πρός
549 1272 634 1327 τινα,
663 1246 706 1314 ἔτι
719 1247 739 1333 ἦ
751 1246 945 1337 παράστασις
953 1253 1085 1318 ἵσταται.
1138 1256 1164 1318 εἰ
1179 1254 1213 1319 δὲ
1225 1252 1281 1338 μή,

180 1352 238 1411 τού
256 1353 548 1436 πρωτοβεστιαρίτου
570 1350 605 1418 τὸ
627 1347 738 1418 ἑαυτοῦ
760 1355 925 1419 δικανύιιον
944 1351 1129 1440 κρούσαντος
1143 1355 1194 1423 ἐπ’,
1208 1353 1282 1422 ἐδύ-

139 1467 174 1520 10
183 1473 263 1537 ρους
279 1449 380 1539 ἠρέμα
402 1451 432 1518 oi
453 1451 642 1542 ἓταιριύρχαι
663 1455 692 1519 οἱ
712 1457 862 1522 δικανύιια
882 1455 987 1534 ξύλινα
1005 1457 1146 1546 φύροντες
1161 1459 1281 1544 λέγουσι

179 1562 245 1629 τοῖς
258 1552 336 1637 μετά
352 1554 387 1620 τδ
404 1557 566 1624 διιιανίκιον
584 1563 757 1627 εῖσελδούσι
773 1566 828 1625 τού
840 1560 1008 1642 βασιλέως,
1033 1563 1084 1626 καὶ
1099 1563 1280 1650 ἐξέρχονται.

181 1659 209 1721 εἰ
225 1658 261 1724 δέ
273 1683 302 1724 τι
318 1663 373 1742 τῆς
387 1659 611 1746 παραστάσεως,
621 1661 782 1746 ἱσταμένης
797 1661 897 1748 δεήσει
912 1664 1112 1748 ἀνενεχθῆναι
1128 1671 1173 1754 τῷ
1186 1672 1280 1748 βασι·

179 1764 241 1838 iai,
264 1759 320 1826 εἴτε
337 1761 380 1824 δι’
396 1760 626 1851 ἀποκρισιάριον.
636 1765 694 1831 εἴτε
707 1763 751 1830 δι’
767 1765 842 1830 ἀλλο
857 1792 885 1832 τι
900 1773 960 1832 τάν
973 1767 1159 1851 ἀναγκαίων,
1180 1768 1278 1847 οὐδεὶς

178 1869 240 1928 τῶν
262 1861 423 1950 ἀρχόντων·
437 1863 498 1950 ἔχει
519 1855 609 1934 τοῦτο
632 1868 683 1932 ἐπ’
708 1868 812 1946 ἀδειάς
828 1876 971 1953 ποιῆσαι,
996 1869 1040 1952 μὴ
1057 1877 1114 1936 τού
1126 1872 1279 1953 βασιλέως

135 1981 170 2037 15
179 1964 254 2043 ἴσως
276 1963 469 2046 ἐπιτάξαντος
473 2018 484 2051 ,
511 1973 538 2036 εἰ
553 1971 599 2056 μὴ
615 1969 709 2055 μόνος
724 1969 741 2038 ὅ
757 1975 1067 2058 πρωτοβεστιαρίτης·
1094 1977 1121 2040 εἶ
1138 1975 1171 2041 δ’
1189 1965 1278 2052 οὗτος

177 2069 346 2155 ἀποδημεῖ,
372 2067 503 2160 ἀμύνας
524 2071 735 2164 ἕταιριύρχης,
760 2078 788 2142 εἰ
811 2075 845 2142 δὲ
864 2079 916 2142 καὶ
939 2067 1046 2156 οὗτος,
1072 2073 1163 2163 ὁτῆς
1181 2077 1277 2163 αὐλῆς

172 2172 401 2262 πριμμικήριος.

274 2275 322 2343 ‘H
341 2283 397 2342 τού
419 2279 596 2362 δομεστύιου
619 2285 675 2364 τῆς
691 2281 840 2368 τραπέζης
857 2276 1006 2368 ύπηρεσία
1020 2282 1072 2347 καὶ
1086 2287 1143 2348 τού
1157 2283 1206 2348 ἐπὶ
1220 2288 1275 2368 τῆς
1290 2304 1313 2358 Ρ
1330 2305 1364 2362 65

173 2381 325 2469 τραπέζης
339 2378 539 2466 λεχθήσεται,
565 2379 613 2447 ὅτι
628 2379 712 2467 καὶῆ
727 2391 782 2450 τού
793 2381 927 2470 μεγάλου
943 2387 1133 2466 δομεστύιου.
1175 2432 1182 2446 .

130 2498 167 2553 90
274 2481 311 2550 Ὁ
333 2484 429 2570 μύχας
448 2488 586 2562 παντοίας
607 2481 666 2569 εἶχε
685 2485 741 2570 μὲν
756 2486 852 2553 πύλαι
865 2483 1032 2576 ύπηρεσιάν
1046 2487 1274 2580 ἀνεπίγνωστον,

173 2593 230 2652 νύν
245 2585 277 2653 δὲ
292 2588 444 2670 ούδεμίαν.
1141 2584 1144 2592 s

273 2687 311 2757 ‘0
327 2689 459 2780 ἔπαρχος
472 2687 633 2768 ὡσαύτως·
657 2698 711 2759 νύν
725 2691 759 2758 δὲ
772 2690 843 2760 aits*
856 2682 955 2771 οὗτος.

215 2921 217 2928 1
241 2883 260 2940 4
284 2880 338 2955 coi]
361 2883 433 2940 αατά
457 2883 504 2940 ΒΡ
640 2889 658 2942 9
683 2881 730 2940 ἐπ’
754 2880 879 2955 ἐδάφους
895 2902 937 2941 om
952 2887 976 2940 Α
1115 2886 1148 2940 10
1163 2881 1233 2952 ξύλα
1250 2886 1272 2941 Α

242 2956 276 3010 13
291 2951 503 3025 ἀποκριοιαρίου
517 2953 563 3010 BP
667 2958 701 3012 15
716 2953 821 3026 μόνος]
837 2956 948 3026 πρῶτος
966 2955 1029 3011 BP*

169 3123 261 3192 cuiue,
289 3125 335 3195 qui
353 3125 469 3196 reliquos
485 3141 622 3196 procerum
638 3116 759 3180 similiter
775 3127 896 3181 advocat.
931 3125 1027 3182 deinde
1050 3125 1165 3181 efferum
1186 3125 1274 3197 impe*

168 3194 267 3248 tatoris
287 3203 435 3265 sceptrum3
461 3197 531 3264 qnod
552 3213 660 3265 magnus
682 3195 847 3267 primicerius
863 3195 1015 3264 imperatori
1032 3197 1206 3266 modo'supra
1223 3215 1271 3250 er-

168 3264 258 3334 posito
284 3265 408 3334 porrigit.
439 3281 495 3334 quo
524 3274 633 3335 peracto
663 3266 751 3319 statim
774 3265 971 3320 hetaeriarohae
996 3272 1134 3318 accersunt
1158 3272 1271 3335 ceteros,

168 3351 265 3403 nempe
286 3350 333 3386 eos
352 3335 399 3404 qui
416 3334 550 3388 aenianica
568 3327 690 3388 coccinea
709 3335 812 3402 ferunt,
839 3342 866 3388 et
883 3335 923 3386 ltin
940 3333 1095 3398 inferiorem
1121 3334 1204 3403 fitque
1221 3335 1272 3389 hoc

168 3419 274 3472 semper
297 3419 373 3456 mane
396 3403 468 3458 circa
492 3403 587 3468 horam
602 3402 726 3471 liturgiae
748 3411 776 3456 et
802 3403 891 3457 horam
916 3403 1064 3473 vespertini
1082 3403 1175 3456 officii.
1209 3414 1272 3473 post

169 3472 335 3537 missionem,
362 3472 386 3526 si
407 3473 551 3542 imperator
567 3480 612 3526 aut
628 3474 712 3525 verbu
733 3473 824 3526 facere
840 3480 887 3527 aut
901 3473 1058 3526 beneficium
1075 3471 1158 3526 officii
1175 3472 1204 3524 in
1220 3473 1271 3524 ali-

168 3557 247 3610 quem
273 3542 395 3596 conterre
418 3543 499 3609 velit,
526 3549 614 3596 manet
636 3541 823 3596 circumstatio.
864 3541 906 3594 sin
929 3541 1029 3612 minus,
1054 3540 1271 3612 protovestiarita

168 3611 274 3663 humum
289 3627 347 3664 cum
366 3627 413 3664 suo
430 3611 523 3666 baculo
539 3611 660 3680 pulsante
676 3610 800 3681 paulatim
816 3610 1030 3680 hetaeriarclrae‚
1055 3619 1083 3664 et
1099 3609 1146 3692 qui
1161 3609 1270 3671 baculos

166 3680 272 3748 ligneos
294 3686 415 3750 gestant,
440 3681 468 3734 id
484 3681 603 3735 indicant
626 3679 659 3734 iis
681 3679 727 3748 qui
747 3687 810 3762 post
832 3679 935 3733 allatum
955 3688 1086 3749 sceptrum
1103 3680 1271 3748 tmperatoris

167 3747 285 3817 ingressi
303 3757 381 3816 sunt,
409 3756 466 3802 ete
500 3751 632 3804 ediuntur.
666 3749 693 3801 ai
710 3750 773 3817 qiud
788 3749 898 3802 durante
918 3748 1129 3802 circumstatione
1145 3745 1203 3798 sive
1221 3763 1271 3815 per

167 3817 368 3889 apocrisiarium
385 3818 443 3871 sive
457 3767 529 3872 aliud
544 3819 608 3888 quid
623 3835 655 3870 ex
669 3818 826 3870 necessariis
843 3817 995 3888 imperatori
1012 3815 1208 3887 proponendum
1225 3816 1270 3882 sit,

168 3905 244 3940 nemo
261 3903 295 3940 ex
311 3886 465 3954 proceribus
490 3888 547 3942 eius
571 3887 687 3941 faciendi
706 3894 860 3956 potestatem
879 3889 973 3954 habet,
1001 3903 1053 3938 non
1078 3883 1216 3936 mandante
1240 3884 1270 3937 id

166 3955 289 4008 fortassis
305 3955 479 4025 imperatore,
497 3956 548 4010 nisi
566 3957 637 4009 solus
653 3956 898 4026 protovestiarites,
914 3963 942 4010 ct
958 3955 1017 4025 ipso
1036 3955 1146 4008 absente
1161 3967 1270 4020 magnus

167 4023 366 4090 hetaeriarcha3
390 4025 414 4078 si
430 4033 458 4078 et
474 4026 532 4096 ipse
549 4026 633 4093 absit,
656 4024 921 4094 primiceriusaulae.

181 4131 183 4142 .
239 4092 362 4148 Officium
378 4094 515 4148 domestici
531 4112 635 4148 menuae
652 4103 679 4147 et
696 4093 826 4163 praelecti
842 4111 949 4148 mensae
964 4087 1148 4161 explicabitur,
1165 4088 1269 4158 quando

169 4163 204 4217 de
220 4178 328 4215 munere
344 4163 432 4232 magni
449 4163 586 4216 domestici
602 4164 757 4218 disseretur.

205 4231 350 4352 11Μιιςιιοιι
378 4232 489 4303 pappias
517 4232 578 4286 olim
606 4232 699 4294 habuit
727 4231 889 4302 incognitum
919 4227 1052 4298 officium,
1085 4244 1154 4282 nunc
1183 4233 1269 4282 autem

169 4315 204 4352 uu
223 4317 276 4353 um.
783 4321 786 4327 ·
1074 4315 1078 4329 ¹

239 4367 367 4424 Similiter
381 4369 525 4444 eparchius,
543 4370 588 4442 qui
607 4377 635 4426 et
650 4368 710 4440 ipae
727 4367 822 4424 nullum
838 4365 954 4422 cilicium
970 4356 1060 4420 hube't.
