3034 4916
266 323 342 394 aea
418 318 628 388 caansmu
648 320 702 386 nn
720 316 852 386 coam
871 315 1204 394 commuuimus
1275 285 1295 352 -’

266 489 360 565 inquit
381 486 516 548 Zonaras.
557 485 640 544 addit
660 483 790 562 eumen,
821 483 915 544 ιιοιιίο
937 500 1024 560 φασιν
1042 499 1122 542 vene:
1155 473 1258 558 τίφον
1281 473 1364 561 οἶμαι

268 568 486 652 ὠνομασμένην
508 570 549 645 τίς
562 574 755 647 τετυφῶσθαι
769 573 919 633 ποιοῦσαν
932 565 1005 642 τους
1018 563 1112 650 ταύτῃ
1128 558 1364 644 ἀναδουμένους.

268 665 398 736 quaeest
412 659 500 736 magis
514 659 561 736 pia
574 675 659 732 quam
672 675 739 715 vera
752 655 909 733 originatio.
951 653 1098 713 Cedrenus
1121 653 1157 710 de
1177 653 1278 711 eodem
1292 653 1367 711 eius·

268 749 333 808 dem
352 743 448 802 Basilii
472 742 630 821 triumpho:
664 736 805 824 στεφάνῳ
824 743 925 824 χρυσῷ
947 733 1042 814 λόφον
1070 730 1246 816 ἐφύπερθεν
1270 735 1368 816 ἔχοντα

268 829 490 911 ἐθριάμβευσεν
504 826 759 911 ἐστεφανωμένος.
801 827 917 886 etistate
930 825 1058 884 nimuum
1071 841 1176 883 corona
1189 827 1307 902 propter
1324 829 1367 882 tc·
1385 819 1393 838 ⁸

266 917 349 996 pliona
370 935 420 973 seu
435 915 620 993 flammulam,
642 931 699 988 qua
711 912 931 990 insigniebatur,
954 927 1038 986 quam
1058 909 1206 967 Cedrenue
1226 913 1309 968 vocat
1322 900 1369 972 ll·

270 1023 348 1080 φον,
370 1000 407 1058 ob
422 1018 508 1076 quam
521 999 622 1077 vulgus
637 1001 736 1058 tiaram
749 998 833 1056 istam
846 997 944 1077 teplee
956 996 1068 1054 nomine
1085 993 1187 1053 affecit

339 1132 364 1184 p.
375 1113 408 1166 51
419 1130 445 1166 v.
460 1112 486 1168 5.
502 1108 636 1180 σταυρόν]
653 1113 703 1166 duo
721 1115 780 1164 eunt
801 1109 961 1180 imperatoria
981 1113 1094 1180 sceptra,
1109 1099 1231 1172 accede
1240 1101 1289 1160 ιιαί
1300 1099 1369 1172 νοίρ-

269 1183 338 1251 θηξ,
355 1201 417 1235 οταν
436 1190 461 1235 et
473 1183 574 1249 ferale.
593 1182 728 1250 dequibus
746 1181 860 1250 Symeon
871 1180 1069 1234 Thessalonicae
1085 1177 1232 1248 episcopum
1251 1168 1322 1243 μιτοὶ
1336 1167 1369 1227 τό

269 1253 365 1323 λαβεῖν
381 1247 432 1304 τόν
451 1245 572 1314 σταυρόν
590 1246 629 1312 είς
645 1251 744 1318 δεῖγμα
769 1250 819 1319 τῆς
835 1243 986 1320 εὐσεβείας,
1006 1245 1055 1301 ccl
1070 1243 1122 1317 τὴν
1138 1241 1277 1312 ἀναιτίαν,
1299 1237 1369 1310 ὅπερ

268 1323 334 1391 χοῦς
351 1313 424 1374 ἐστίν
448 1318 590 1388 σημαίνων
607 1315 639 1372 τό
658 1315 792 1387 φθαρτὸν
808 1318 859 1404 τηρ
874 1311 961 1386 ἀρχῆς
976 1315 1026 1371 eol
1042 1312 1093 1386 τὴν
1111 1310 1142 1370 la
1159 1310 1261 1368 τούτου
1273 1311 1369 1396 venel,

268 1407 370 1457 νοισιν,
389 1386 438 1442 ναί
456 1385 496 1441 ἔτι
514 1382 622 1459 ἆοόβίον
644 1384 794 1458 λαμβάνει,
814 1405 847 1440 ου
873 1383 991 1458 βαρεῖαν
1008 1404 1073 1442 τινα
1089 1381 1138 1438 καί
1154 1378 1294 1450 melopoeia,
1310 1375 1362 1432 del

269 1453 396 1527 ἐλαφρὰν
412 1455 461 1510 καί
477 1453 619 1525 μαλακήν,
644 1452 692 1510 dccl
710 1451 743 1510 τό
761 1452 924 1510 academiae
964 1449 994 1508 ἐν
1014 1450 1153 1523 πραότητι
1173 1451 1222 1506 καί
1239 1445 1278 1521 μή
1295 1445 1370 1516 ὀργι-

270 1525 320 1581 λόν
337 1525 385 1580 καί
401 1521 579 1593 φθαρτικόν,
596 1521 666 1595 μηδὲ
683 1525 832 1596 συντρῖβον
850 1522 897 1578 acl
915 1523 1061 1591 αφανίζον.
1084 1523 1145 1576 illud
1167 1538 1246 1592 porro
1270 1519 1370 1581 miron,

269 1597 380 1666 ligneum
398 1600 496 1648 tantum
507 1601 646 1664 vutrumque
663 1595 708 1652 ΟΡ
731 1595 911 1664 imperatorum
934 1594 1015 1648 fuisse
1036 1601 1174 1664 sceptrum.
1198 1591 1233 1643 de
1247 1587 1371 1646 aalide&

270 1683 313 1720 res
330 1672 371 1718 eet
386 1663 504 1717 indubia:
523 1664 593 1715 cruci
610 1664 708 1732 ligneae
727 1661 827 1732 effigies
844 1661 970 1716 Manuelis
994 1679 1049 1715 eam
1067 1678 1140 1714 manu
1158 1657 1283 1728 gestantia
1301 1663 1371 1708 atte-

270 1741 353 1790 statur
369 1733 396 1786 in
412 1732 615 1801 Sandionysiaco
632 1739 660 1784 et
676 1732 759 1800 Regio
782 1749 834 1797 ma,
857 1733 884 1784 in
901 1750 932 1784 eo
949 1731 1073 1800 siquidem
1089 1729 1172 1784 crucis
1188 1728 1263 1796 virga
1280 1723 1371 1779 citrino

270 1812 367 1858 tantum
391 1803 477 1855 colore
499 1802 584 1872 picta,
609 1819 673 1855 crux
697 1807 781 1855 autem
797 1801 822 1854 in
845 1807 958 1854 exuemo
980 1803 1111 1854 lixanum
1127 1799 1190 1852 ficta
1205 1794 1370 1866 conspicitur.

270 1875 427 1941 eandemque
449 1880 538 1926 auctor
567 1872 719 1928 clarioribus
743 1871 811 1924 omni
832 1870 1026 1924 colonosverbis
1052 1868 1176 1938 depingit,
1192 1866 1237 1922 ubi
1253 1862 1372 1934 superius

269 1943 304 1995 de
327 1940 463 2012 primicerii
485 1941 576 1994 baculo
599 1959 622 1992 c.
648 1941 666 1994 4
691 1958 716 2010 p.
741 1942 773 1994 19
790 1957 816 1992 ν.
836 1941 876 1996 16.
907 1939 957 1993 aits
987 1937 1144 1992 dnaone'mov
1173 1929 1261 1988 αὐτοῦ
1288 1929 1372 2000 ξύλον

269 2007 486 2080 κεχρυσωμένον,
508 2006 572 2063 οἷον
587 2004 619 2062 τό
636 2010 688 2072 τοῦ
705 2003 845 2080 βασιλέως.
868 2006 1024 2061 διαανίιιιον
1039 2007 1116 2060 etiam
1132 2011 1261 2059 vocatum.

355 2118 390 2175 lb.
404 2132 431 2175 ν.
446 2118 474 2178 6.
496 2116 533 2174 de
546 2115 633 2176 blatio
646 2117 701 2176 iam
715 2135 801 2194 supra
814 2116 933 2176 diximus
946 2115 964 2176 l.
980 2122 1038 2182 2c.
1052 2113 1071 2178 5
1086 2114 1166 2194 adp.
1183 2105 1223 2176 18
1237 2129 1264 2170 v.
1281 2110 1330 2172 17.

340 2230 406 2282 idid.
442 2224 540 2282 ιιοόὸιιιι
564 2221 656 2290 ἐοικός
679 2224 829 2298 δεδομένον
849 2223 920 2298 petel
938 2229 1114 2299 μανδυίίοα.]
1139 2229 1301 2282 Graecorum
1322 2223 1371 2277 im-

270 2307 417 2372 peratorum
435 2299 546 2366 effigiem
562 2299 654 2368 pictam
672 2300 697 2350 ni
718 2300 800 2353 lector
819 2297 928 2365 viderit,
948 2301 993 2352 vix
1017 2299 1081 2353 haec
1104 2297 1237 2368 percipiet
1261 2294 1300 2348 illi
1314 2295 1371 2347 len·

270 2371 369 2438 giorem
387 2369 491 2423 fasciam
507 2369 651 2436 margaritis
667 2377 782 2420 ornatam
804 2369 877 2420 velut
892 2368 1024 2438 humerale
1044 2369 1075 2420 ab
1093 2366 1205 2422 honeris
1218 2369 1290 2417 retro
1307 2379 1371 2431 pen-

270 2441 372 2491 dentem
390 2453 405 2490 a
422 2438 514 2490 dextro
535 2438 616 2490 latero
632 2445 691 2490 ante
713 2435 805 2509 pectua'
826 2437 954 2507 recipiunt
980 2442 1007 2490 et
1027 2436 1130 2490 sinistro
1152 2433 1258 2489 brachio
1280 2449 1373 2502 auper-

271 2514 385 2578 ponunt3
411 2524 443 2562 ea
459 2524 521 2559 vero
538 2513 612 2576 perte
629 2524 679 2576 qua
696 2523 794 2560 manum
811 2506 928 2574 attingit,
949 2506 1096 2560 adiunctum
1113 2511 1141 2558 et
1163 2508 1278 2557 nasutum
1294 2502 1373 2554 habet

272 2577 406 2630 retundunt
425 2577 569 2640 sacculum,
585 2572 682 2629 κώδιιιι
699 2569 803 2643 locucio,
819 2575 978 2628 involucrum
994 2575 1110 2628 nimirum
1129 2572 1250 2626 volumini
1266 2565 1373 2640 compti·

271 2653 330 2700 cato
347 2647 403 2699 sive
419 2645 505 2715 potius
519 2646 635 2698 involuto
652 2645 750 2709 simile,
765 2645 834 2714 quod
850 2650 892 2698 est
907 2646 967 2697 illud
985 2641 1099 2716 βίοίτιον
1113 2639 1177 2714 ἔχον
1194 2641 1271 2710 κῶμοι
1293 2633 1373 2700 ἐντός

270 2714 320 2768 ναί
336 2718 462 2768 ιιαίείται
476 2709 590 2766 οόιιααία.
608 2714 689 2767 tascie
706 2731 769 2767 vero
786 2731 834 2766 ceu
849 2712 1020 2782 μανδύίιον,
1034 2715 1137 2766 linteum
1148 2710 1285 2779 oblongius
1295 2725 1373 2762 ιιιυιι-

271 2785 320 2836 tile
342 2783 437 2835 dictum
457 2784 583 2849 referens,
607 2781 665 2852 ipsa
681 2799 783 2853 quoque
802 2783 956 2854 μαυδνλίου
973 2781 1081 2836 sortitur
1097 2779 1304 2852 appellationem.
1321 2793 1371 2846 quc

271 2854 410 2906 observato
428 2851 533 2921 visaque
548 2850 711 2921 imperatoris
727 2853 827 2921 figura,
844 2852 902 2922 quid
916 2853 950 2905 ait
964 2852 1143 2922 imperatorem
1155 2844 1185 2903 ἐν
1194 2848 1230 2920 τῇ
1240 2842 1371 2917 ἀριστερᾷ

271 2916 507 3043 φξηηηνιβίοίιιον
526 2915 625 2974 adam
649 2915 743 2985 ἐοικός
764 2917 833 2992 μοναὶ
854 2921 1009 2991 μανδυίίου
1034 2918 1197 2991 δεδεμένον,
1219 2916 1371 2986 relinquiwr

269 3007 294 3042 m
349 3007 376 3042 es
390 3005 441 3042 um.

339 3073 375 3126 u.
392 3089 419 3125 v.
437 3075 464 3128 7.
480 3067 559 3126 ιιόνιυ
575 3067 668 3141 α’ίρμον
685 3077 712 3127 ot
727 3073 805 3144 χῶμα
820 3075 980 3144 distinguunt
996 3091 1029 3128 ex
1045 3073 1139 3126 iudicio
1149 3069 1280 3128 hodiernis
1295 3066 1371 3132 ιιόνιρ

269 3143 359 3214 palcis
375 3149 433 3206 eat,
450 3136 540 3211 ἅμμος
563 3158 660 3212 arene,
684 3145 762 3212 χῶμα
780 3153 854 3202 terra
866 3147 1007 3217 frugifera
1031 3145 1094 3200 satia
1117 3151 1145 3198 et
1161 3141 1255 3214 plantis
1272 3140 1369 3193 idonee.

272 3212 366 3265 Suidaa
381 3211 473 3281 χῶμα,
490 3211 568 3280 χοῦν.
594 3211 653 3276 hinc
668 3213 717 3266 tibi
734 3218 822 3270 Annae
838 3215 984 3270 comnenae
1000 3215 1017 3271 l.
1036 3217 1054 3268 2
1072 3214 1194 3266 obscurae
1208 3210 1370 3264 loeualueem

270 3281 373 3351 accipit.
401 3289 535 3334 extraneos
556 3280 648 3334 milites
672 3283 852 3354 atemigmis,
876 3283 933 3335 sive
950 3283 1039 3348 melius
1060 3281 1141 3348 dicas,
1164 3279 1322 3347 alienigenas
1338 3275 1370 3330 ab

271 3350 396 3420 indigenis
418 3349 558 3418 distinguit
574 3350 632 3403 illoe
650 3343 793 3419 ἑταίρους,
810 3353 858 3406 hoa
874 3352 992 3420 indigitat
1008 3344 1130 3412 ὁπόσους
1152 3343 1183 3403 ἐν
1204 3350 1256 3402 τοῦ
1279 3343 1370 3430 pcipe:

269 3437 335 3485 τος,
359 3427 482 3489 puotpcot
504 3427 602 3482 eunte
622 3423 731 3491 proprie
752 3429 824 3476 ίοιτα
847 3424 914 3475 coti.
941 3422 959 3473 l.
982 3424 1002 3476 3
1024 3421 1065 3472 hic
1088 3421 1152 3472 aliua
1168 3418 1319 3471 illustratur:
1337 3431 1371 3468 ον

269 3489 383 3572 πλείους
406 3488 573 3574 τριακοσίων
598 3492 773 3575 στρατιαηοῑν
798 3481 887 3575 ἦσαη,
909 3486 1086 3572 καὶτούτων
1109 3483 1140 3543 ἐκ
1163 3488 1215 3571 noa}
1234 3482 1369 3566 palpones·

245 3673 249 3683 x
271 3575 339 3681 :itt
356 3558 561 3698 tittltttt
575 3561 1291 3699 lt?lutttituta?tillittff‘tssttglt¹
1310 3551 1370 3626 ‘¹⁰¹³

355 3718 418 3776 idid.
450 3717 542 3775 acacia
552 3718 622 3793 quid
635 3719 688 3794 sit,
706 3719 792 3778 oculis
806 3721 907 3778 intueri
922 3719 986 3778 licet
997 3720 1026 3776 in
1040 3717 1206 3796 imaginibus
1220 3716 1370 3794 imperato

272 3821 334 3860 rum
342 3803 470 3881 praefixis
478 3795 639 3880 Nicephoro
646 3803 801 3882 Gregorae,
816 3813 846 3864 et
852 3807 1001 3867 in‘nummo
1008 3803 1163 3870 Theodosii
1169 3801 1279 3880 Magni,
1288 3817 1371 3877 quem

269 3887 356 3946 hebes
372 3893 470 3954 tom-3
486 3888 521 3946 de
538 3889 567 3946 S·
585 3889 676 3947 cruce
686 3889 704 3947 Ι·
724 3895 759 3967 1,
780 3892 893 3952 tametsi
911 3891 1049 3950 Batonius
1071 3889 1210 3948 existimat
1224 3892 1371 3964 gestamen

268 3971 338 4030 illud
354 3973 509 4032 Theodosii
530 3973 629 4050 Magni
653 3992 716 4032 esse
736 3993 845 4038 sacrum
870 3977 1076 4054 evangeliorum
1095 3974 1227 4032 codicem
1268 3972 1371 4029 ibidem

269 4075 322 4135 pro
337 4061 429 4118 acacia
441 4059 604 4136 suspicabar
617 4057 767 4135 legendum
783 4055 870 4123 οἰκίαι
892 4063 944 4120 sed
969 4061 1084 4140 vulgata
1107 4060 1246 4138 scriptura
1259 4053 1372 4115 retineri

270 4147 384 4219 potest,
401 4145 457 4202 imo
471 4144 563 4203 debet.
606 4151 636 4202 et
651 4151 695 4202 est
709 4147 803 4206 acacia
823 4150 972 4206 innocentio
997 4143 1027 4206 et
1049 4144 1168 4204 Aeacius
1192 4143 1373 4203 Innocentio.

270 4227 442 4302 mandylium
456 4247 522 4287 suos
541 4229 648 4290 natales
664 4231 749 4290 etiam
763 4233 873 4290 nemine
887 4234 1056 4292 admonente
1070 4231 1174 4311 prodit„

354 4316 535 4424 Impenetonis
554 4322 651 4387 itidem
665 4322 787 4402 insignia
807 4331 889 4385 erent
906 4319 1043 4407 purpureo
1059 4321 1184 4399 πέδιλα,
1206 4337 1281 4410 quae
1301 4335 1375 4380 nunc
