3034 4916
302 345 383 422 324·
459 345 666 416 GRETSERI
682 341 736 412 ET
751 343 884 414 Gosul
897 339 1232 412 commuuimus

386 507 446 574 Διοί
459 503 553 573 ταῦτα
564 507 669 575 τοίνυν
694 505 812 574 ἅπαντα
830 504 868 572 sol
889 508 1036 593 δπερφυῆ
1050 503 1210 590 θαυμοίσια
1224 512 1279 592 τῆς
1300 502 1397 573 πανό-

304 591 379 680 γνου
394 597 444 660 καὶ
461 591 648 677 θεομήεορος
665 593 721 702 mlv
743 599 901 678 παροῦσαν
928 593 1036 678 ἑορτήν
1047 591 1252 675 ·ἓορτοίζομεν.,
1267 588 1398 697 to’sccltip-

307 701 376 756 στος
389 679 423 745 δὲ
437 681 566 764 εἴρηται,
589 677 669 744 διότι
685 675 875 765 ορθοστοίδην
896 675 962 743 τότε
983 686 1043 756 πᾶς
1064 680 1081 744 ό
1095 677 1166 753 λαός
1181 675 1257 743 nursi
1270 677 1329 760 τῆυ
1342 703 1399 742 υν-

306 789 363 830 κτα
377 767 494 846 ἐκείνην
506 762 557 830 τόν
579 761 679 846 ὕμνον
692 770 731 850 τῇ
749 770 804 828 τοῦ
823 761 913 847 λόγου
934 761 1022 846 μητρί
1046 765 1187 846 ἔμελψεν.
1230 764 1284 828 καί
1304 761 1351 828 δικ
1370 763 1401 826 ἐν

306 855 382 914 πᾶσι
400 857 464 925 τοῖς
487 848 588 926 ἄλλοις
610 849 706 926 οίκοις
719 854 879 932 καθῆσθαι
894 849 924 926 ἒξ
938 849 1031 924 ἔθους
1054 851 1171 928 ἔχοντες
1191 848 1307 924 dunois
1326 873 1402 928 παρ·

308 940 378 999 οὖσι
396 939 451 1012 τῆς
469 930 674 1019 θεομήιορος,
702 929 796 1018 όρθοί
816 931 926 1008 πιόντες
944 929 1136 1016 σίκροοόμεθα.
1183 939 1251 1008 ταῖς
1271 938 1329 1013 τῆς
1348 939 1403 1011 σῆς

306 1017 483 1104 δπερμόχου
497 1043 528 1083 τε
542 1019 594 1084 καί
610 1013 806 1103 α’προσμόχου
829 1016 940 1124 μιγτρδς
956 1021 1127 1103 πρεσβείαις
1152 1017 1261 1102 Χριστί
1279 1017 1299 1082 o‘
1319 1014 1402 1094 θεός,

242 1148 245 1157 .
305 1110 368 1168 τῶν
388 1103 601 1186 περικειμένων
626 1105 678 1168 καί
699 1105 781 1186 alpais
801 1099 974 1181 οίπαλλαξον
997 1103 1182 1188 σνμφοροόν,
1211 1103 1264 1168 καί
1283 1102 1404 1184 ἐλέησον

305 1189 402 1273 ἡμᾶς,
421 1189 461 1264 oio
476 1184 571 1270 μόνος
587 1186 814 1270 φιλάνθρωπος.

200 1283 223 1337 Ρ
241 1281 291 1336 alr
390 1276 435 1335 Ex
449 1277 493 1334 his
513 1295 582 1353 ergo
603 1277 780 1355 perspicuum
796 1276 960 1351 relinquitur
975 1274 1058 1350 quale
1069 1275 1154 1333 merit
1167 1275 1221 1353 τῆς
1239 1265 1404 1335 ἆταθίστου

306 1361 428 1436 asom,
449 1367 480 1419 et
499 1379 549 1418 cur
569 1361 623 1420 hoc
643 1361 755 1420 nomine
768 1361 924 1440 appellatus
940 1355 1106 1432 ἀπόθεστος
1117 1355 1229 1438 δ’μνος,
1250 1359 1320 1436 quia
1334 1365 1406 1418 dao-

308 1447 362 1521 do,
386 1463 445 1504 nou
472 1446 599 1504 sedendo
619 1447 743 1520 camitem
772 1440 937 1519 desidiosae
958 1441 1044 1525 ἕοριή
1069 1461 1120 1503 seu
1147 1443 1259 1524 ἡμέρα,
1282 1444 1351 1520 quia
1370 1443 1403 1500 ab

309 1532 457 1607 omnibus,
482 1531 592 1588 nemine
614 1536 730 1608 excepto
749 1536 779 1588 et
798 1532 907 1589 nemine
929 1531 1036 1588 otiante
1059 1536 1109 1588 aut
1132 1529 1264 1588 edivinia
1278 1528 1404 1587 laudibus

309 1621 452 1692 cessante,
470 1615 623 1693 peragitur.
665 1621 758 1674 exstat
783 1616 813 1674 in
834 1615 1000 1675 bibliotheca
1020 1615 1155 1677 Bavarica
1174 1615 1264 1673 oratio
1292 1614 1347 1673 lroc
1371 1613 1404 1670 ti-

310 1699 388 1758 tulo:
409 1696 497 1784 λόγος
513 1693 792 1781 α’νοιγιυωσκόμενος
807 1701 849 1774 είς
870 1697 927 1781 τήν
948 1695 1126 1764 indecoros.
1169 1693 1309 1780 διήγησις
1327 1692 1405 1774 ια’φί-

311 1790 399 1866 λιμος
414 1783 447 1846 ἐκ
461 1788 590 1858 παλαιᾶς
605 1785 736 1865 ἱστορίας
751 1790 934 1870 συλλεγεῖσα,
953 1785 1003 1848 καί
1019 1777 1258 1865 ἀναμιμνήσκειν
1274 1784 1405 1864 δηλοῦσα

312 1872 369 1933 τοῦ
382 1863 555 1948 παραδόξου
570 1869 733 1952 γενομένου
746 1866 918 1950 θαόματος,
940 1869 1031 1950 ιγ’νίκα
1048 1868 1162 1950 Πέρσαι
1180 1868 1232 1931 καί
1258 1863 1404 1949 βάρβαροι

312 1951 371 2034 τὴν
383 1956 522 2035 βασιλίδα
536 1950 649 2035 ταύτην
662 1953 752 2018 πόλιν
764 1950 1018 2034 περιεκόκλωσαυ,
1042 1957 1073 2016 οἳ
1086 1953 1136 2016 καί
1151 1948 1310 2018 οίπιόλοντο
1321 1955 1404 2024 θείας

314 2041 403 2118 δίκης
425 2037 627 2121 πειραθέντες.
668 2038 691 2119 q‘
714 2037 747 2102 δὲ
769 2035 853 2122 πόλις
880 2035 987 2122 οίσινής
1007 2045 1231 2122 συντηρηθεῖσα
1252 2037 1405 2122 πρεσβείας

234 2161 237 2166 -
314 2128 370 2202 τῆς
390 2119 538 2185 θεοτόκου
557 2119 891 2210 &auctoritatissime
912 2119 1151 2209 εόχαριστήριον,
1171 2117 1343 2188 dedecoros»
1354 2119 1406 2204 sris

314 2204 433 2291 ἡμέραν
452 2203 696 2288 κατονομόζουσα
708 2207 750 2288 *).
1078 2218 1081 2224 '

386 2315 542 2382 οίκοίθισιος
568 2321 677 2390 εἴρηται
704 2321 782 2376 διότι
813 2315 993 2391 ὄρθοσιιίδνμ
1019 2322 1075 2384 πᾶς
1103 2317 1120 2376 δ
1149 2315 1217 2384 λαδς
1242 2315 1297 2392 soie
1324 2316 1406 2376 νείατα

314 2383 425 2458 taalenu
444 2383 549 2458 ὕμνους
568 2386 722 2476 θεομήιορι
743 2387 838 2462 μέλπεο
855 2392 893 2445 ait
911 2391 1036 2445 callixtus
1060 2391 1086 2445 in
1102 2390 1159 2445 eius
1182 2389 1235 2444 diei
1257 2391 1278 2444 S
1316 2391 1407 2444 uarie.

315 2460 373 2528 ipse
389 2459 496 2527 hymnus
512 2465 553 2513 est
573 2455 742 2530 οίκαθισιος,
765 2461 834 2530 quod
857 2460 1016 2514 interstitium
1037 2461 1146 2530 quietem
1165 2475 1198 2514 us
1221 2459 1255 2512 sd
1294 2459 1407 2512 iluculun

315 2543 398 2596 usque
414 2545 464 2581 non
480 2528 595 2599 reperiat
609 2534 637 2582 et
653 2546 753 2600 semper
772 2529 910 2584 cantandus
926 2536 1087 2599 perseueret.
1105 2547 1122 2582 a
1144 2477 1246 2584 lucau
1266 2527 1407 2596 Syuexario

316 2596 447 2650 historiam
463 2596 621 2668 deprompsit
640 2599 795 2664 Gretserus,
816 2599 999 2652 concinniorem
1021 2599 1128 2652 eliamo
1151 2596 1236 2666 Regia
1258 2597 1408 2651 bibliotheca

317 2668 461 2788 nuplsrrirpte
485 2673 542 2788 post
555 2667 706 2789 thilstotqiemt
720 2668 944 2724 Monothelitarum
966 2667 1084 2722 budaeus
1105 2667 1259 2721 Franciscus
1283 2665 1408 2721 eunucus

317 2751 350 2789 ev
377 2751 438 2804 gam
473 2753 489 2788 e
522 2753 554 2788 no
612 2752 715 2789 arm.

404 2822 551 2903 Duplicem
587 2825 662 2883 hunc
688 2843 810 2883 errorem
846 2822 916 2906 περί
947 2825 1003 2885 τοῦ
1033 2819 1162 2906 μεγάλου
1194 2816 1325 2897 κανόνος
1361 2819 1409 2886 καί

319 2903 389 2986 περί
422 2911 478 2988 τῆς
511 2903 679 2972 α’καθίστου
702 2910 821 2988 ipsemet
845 2909 1032 2987 Curopalatax
1048 2909 1212 2968 Calviuiauo
1247 2909 1409 2968 scholiastae

320 2992 439 3050 eximere
452 2999 580 3071 poterat,
599 2995 624 3052 si
637 2995 758 3052 animum
768 2997 941 3054 advertisset.
983 2996 1024 3053 ait
1040 2995 1114 3054 enim
1127 2994 1302 3074 Curopalata
1320 3014 1338 3052 a
1356 2995 1410 3074 pri-

319 3095 367 3137 ma
385 3095 420 3135 ex
441 3083 576 3153 quattuor
588 3079 688 3154 vigiliis
702 3079 850 3156 imaginem
862 3080 1051 3140 sanctissimae
1069 3080 1215 3159 deiparae,
1236 3097 1310 3154 quae
1323 3079 1410 3140 Hode-

320 3165 410 3238 getric
424 3161 599 3241 appellatur,
617 3164 646 3220 in
660 3163 764 3243 palatio
777 3184 889 3225 manere
904 3167 941 3224 ad
955 3183 1088 3242 magnum
1104 3183 1194 3241 usque
1207 3165 1281 3224 diem
1295 3165 1410 3222 domini-

320 3265 384 3305 cum
402 3246 552 3324 paschatis.
594 3248 656 3307 duic
682 3253 811 3326 imagini,
836 3251 928 3328 inquit
955 3249 1144 3330 Curopalata,
1170 3253 1286 3310 venienti
1314 3251 1411 3309 οδυλοιιι

316 3330 436 3410 procedit
444 3328 591 3412 'insperatos
600 3333 637 3392 cd
646 3341 752 3413 portam
765 3335 846 3396 aulae
856 3336 966 3416 palatii.
1007 3334 1118 3394 εεαιιιδο
1136 3354 1196 3394 uero
1211 3335 1288 3411 jerio
1301 3338 1411 3394 εοιιιίλο-

321 3417 511 3492 turobeuotem
523 3418 560 3478 ad
572 3419 685 3478 excelsos
699 3439 781 3498 usque
800 3421 912 3496 grados.
955 3421 980 3478 si
999 3431 1017 3478 ‘a
1037 3421 1127 3498 prima
1148 3419 1258 3497 vigilia,
1278 3437 1351 3496 quae
1371 3423 1412 3476 est

321 3501 378 3563 τοῦ
392 3495 520 3580 μεγόλον
537 3497 683 3580 κανόνος,
703 3510 798 3563 manet
809 3506 902 3584 imago
915 3505 962 3564 illa
975 3505 1005 3563 in
1023 3506 1128 3586 palatio
1146 3523 1236 3580 usque
1258 3507 1297 3563 ad
1317 3523 1411 3564 secun·

321 3587 389 3646 dam
410 3587 507 3646 feriam
527 3587 684 3666 paschatis,
705 3589 764 3648 lieri
785 3609 843 3648 non
863 3596 959 3670 potest
978 3596 1012 3648 ut
1031 3589 1054 3670 ἤ
1074 3593 1129 3652 τοῦ
1143 3583 1273 3672 μεγάλου
1286 3584 1412 3660 κανόνος

315 3665 475 3753 Ιοίγρυπυία
493 3671 537 3730 vel
557 3673 652 3732 iuncta
671 3673 714 3732 vel
736 3677 862 3752 proxima
880 3677 964 3734 fuerit
985 3679 1179 3754 pentecostae:
1203 3674 1307 3751 alioqui
1322 3677 1411 3750 imago

320 3755 369 3814 illa
381 3756 493 3833 integro
506 3757 592 3817 ferme
613 3777 687 3817 anuo
707 3759 736 3816 in
758 3761 862 3838 palatio
882 3761 1046 3837 mansisset,
1069 3781 1087 3820 a
1104 3765 1267 3839 pentecoste
1287 3759 1413 3818 videlicet

321 3843 463 3916 usquead
477 3843 628 3902 secundam
647 3844 743 3902 feriam
761 3847 915 3923 paschatis,
937 3854 999 3904 cum
1012 3851 1107 3906 tamen
1123 3846 1295 3923 paucissimis
1308 3845 1414 3903 hebdo-

321 3925 450 3984 madibus
465 3927 494 3984 in
510 3945 544 3986 eo
559 3929 676 4006 relinqui
692 3929 812 4009 soleret,
831 3937 860 3989 et
874 3938 1023 4010 propterea
1036 3931 1152 4010 singulis
1171 3932 1250 3988 anuis
1265 3927 1324 3989 non
1336 3929 1414 3988 aliter

321 4025 357 4066 ac
369 4012 475 4070 donum
484 4015 628 4088 quoddam
638 4015 768 4074 divinitus
779 4018 891 4075 missum
903 4017 935 4075 in
944 4017 1008 4077 aula
1023 4019 1203 4096 exciperetur,
1223 4035 1332 4094 perque
1347 4033 1416 4092 pau-

322 4111 370 4150 cos
386 4096 487 4155 diesin
501 4100 599 4159 eadem
611 4099 715 4160 tutelae
729 4102 820 4180 gratia
834 4097 1062 4184 commoraretur,
1089 4121 1189 4183 nempe
1202 4119 1219 4161 a
1233 4103 1333 4178 quinta
1348 4100 1416 4161 feria

321 4249 530 4272 Μ

389 4347 417 4416 *)
436 4367 460 4405 v.
479 4352 587 4424 Foggio.
604 4358 719 4430 Appeud.
738 4375 811 4430 corp.
828 4359 887 4417 hist.
905 4361 1015 4432 Byzeut.
1033 4381 1060 4434 p.
1077 4363 1120 4418 78.
