3016 4906
429 321 476 397 IN
495 321 643 392 GODINI
670 322 754 391 cAP.
780 323 890 398 XVII.
1136 331 1209 401 ³55

117 487 253 565 quaedam
276 488 306 548 in
327 505 422 550 sanas
445 486 540 553 literas
561 489 592 550 S.
612 488 725 552 Ioannis
746 492 957 576 chrysostomi,
983 498 1018 555 at
1037 493 1133 558 scribit
1152 495 1210 559 Zo-

116 593 250 710 nasaddid.
285 653 416 740 augustior
439 656 468 707 et
499 653 781 738 amplior-patriarchii
808 657 867 712 aula
898 655 1046 781 Θαέιαΐτηι
1074 623 1121 715 est.
1156 661 1210 716 ce·

117 721 211 776 dranus
228 724 254 778 ia
271 723 362 776 Irener
381 743 396 779 ο
414 722 549 791 τρίκλινοι
572 741 624 777 τον
640 724 835 793 πατριαρχείοο
852 722 868 778 d
891 730 937 796 toy
954 744 1035 797 μενος
1054 727 1211 812 Θωμαΐτης.

117 792 279 876 magnares.
298 791 411 876 Sophiae
428 791 519 875 atrium
536 791 646 864 respicit.
671 800 795 848 memorat
808 794 873 848 illud
894 797 1051 866 Augusteoai
1064 798 1209 855 adiunctum

116 859 226 915 Nroetns
237 878 263 914 ιιι
276 861 366 914 Alexro
383 861 510 915 Manaelrs
527 861 559 914 [ι’.

201 966 266 1030 idid.
307 965 511 1044 Augusteonem]
538 965 568 1023 in
582 964 734 1044 originibus
753 967 807 1045 Cp.
827 972 858 1027 et
877 967 908 1026 ἰιι
924 969 1013 1028 Suida
1029 989 1056 1031 v.
1074 971 1211 1049 Auguoteo

115 1049 187 1110 haec
205 1053 242 1110 de
261 1050 444 1128 Augusteone
464 1051 603 1130 leguntur.
646 1055 740 1130 quinta
760 1053 803 1111 die
821 1057 916 1113 menni
942 1055 1062 1116 Octobris
1078 1057 1214 1135 praefecti

117 1141 254 1214 regionum
267 1138 381 1197 urbisin
394 1139 578 1213 Aogruteone,
598 1137 719 1196 uidelicet
729 1138 793 1216 foro
808 1137 945 1207 dulciario,
966 1140 1072 1200 odorans
1085 1140 1212 1202 ducebant

116 1224 147 1280 in
161 1223 279 1280 oannem
292 1223 336 1281 oui
347 1225 520 1300 imperaton'r.
561 1224 642 1280 istun
654 1225 741 1298 igitur
754 1223 838 1282 locum
847 1223 945 1300 uulgus
959 1226 1150 1301 Augnnteonem
1162 1247 1213 1287 no·

117 1308 221 1385 minat,
241 1311 271 1365 in
285 1311 424 1386 quaetiom
437 1309 531 1382 magni
548 1306 716 1366 Constantini
732 1313 758 1366 et
777 1310 873 1367 matois
891 1313 946 1368 n'ua
966 1310 1098 1370 columnae
1111 1315 1214 1391 positae

118 1397 189 1449 runt
230 1391 326 1451 ideoet
348 1392 433 1451 locum
455 1394 646 1468 Augusteoneno
665 1396 823 1466 nominauit,
845 1396 892 1471 qui
910 1399 991 1454 antea
1012 1399 1147 1474 gentium,
1165 1397 1214 1455 doe

118 1481 159 1534 ert
174 1474 267 1553 sonrrn
291 1477 506 1555 cupedinarium,
534 1474 678 1544 dicebatur.
725 1478 762 1535 de
783 1475 967 1556 Augusteoae
984 1478 1074 1541 multa
1096 1479 1212 1541 Nicetes

117 1558 272 1620 choniates
292 1561 322 1620 in
341 1559 440 1622 Alexio
456 1559 593 1622 Marruelis
607 1561 745 1622 comneni
757 1561 822 1623 filio.
841 1565 848 1577 '

185 1675 250 1728 ibid.
286 1673 381 1727 fluidae
399 1674 541 1744 interpres,
564 1690 615 1726 aon
630 1673 675 1726 ille
691 1675 810 1760 vulgatas
834 1675 881 1729 sed
902 1676 1021 1746 ignotas,
1045 1693 1063 1730 a
1085 1678 1211 1732 Gretsero

116 1741 231 1810 relatas,
255 1759 332 1794 caece
355 1743 457 1812 penitas
479 1746 506 1794 et
527 1741 616 1809 ignare
638 1737 688 1795 τὸν
710 1745 907 1811 Αυροοοτεῶνα
930 1753 958 1798 et
978 1740 1011 1798 ad
1028 1740 1212 1814 Αὖγονοτεῖον

117 1810 258 1864 confundit.
276 1811 309 1862 de
327 1811 439 1863 seeundo
456 1809 558 1873 scripsit
577 1809 684 1876 Saidas,
710 1809 743 1863 de
766 1812 847 1882 primo
872 1817 960 1864 noster
984 1820 1083 1866 auctor.
1106 1811 1212 1882 Αὐγου-

117 1883 210 1932 οτεῖον
226 1877 280 1930 ludi
297 1886 354 1931 sunt
370 1878 398 1930 in
414 1880 533 1931 honorem
549 1877 660 1946 augunt
677 1878 776 1932 Romae
792 1878 929 1944 celebrati,
955 1880 1054 1934 Latinis
1073 1885 1115 1935 Au
1167 1891 1212 1936 ta·

118 1949 173 2001 lias
189 1947 227 2000 ita
242 1946 330 2000 scribit
345 1944 464 2016 vulgdtua
482 1946 535 1998 inte
568 1963 625 2012 τοις
641 1946 756 2016 idemque
777 1951 859 2002 refert
881 1949 1048 2019 Dempsterus
1070 1950 1096 2003 in
1140 1967 1213 2004 arne-

117 2016 159 2069 nis
175 2015 381 2085 Antiquitatibus.
398 1964 573 2085 renovando
592 2016 662 2068 locas
679 2023 719 2069 est
736 2017 797 2081 ΟΡ,
815 2017 844 2071 S.
862 2017 976 2072 nimirum
993 2019 1106 2088 Sophiae
1119 2019 1212 2102 stringe

117 2084 167 2138 aab
192 2084 337 2138 'I'hamaite
362 2077 395 2138 iv
419 2089 478 2146 τοῖς
501 2083 664 2153 προαιιλίοις
687 2085 738 2138 τοῦ
759 2085 809 2153 τῆς
828 2082 947 2154 μεγάλης
972 2079 1114 2156 ἐκκλησίας
1129 2106 1212 2156 ναον,

117 2148 207 2222 ἥμοον
223 2146 253 2206 ἐν
270 2143 294 2222 ᾦ
311 2153 420 2222 εἴρηται
440 2149 645 2222 Αὖμονοτεῶνι,
668 2153 768 2207 iamiam
789 2155 927 2224 explicabit
948 2163 1038 2209 auctor
1059 2157 1122 2226 ipse.
1145 2158 1213 2210 ande

118 2229 147 2276 et
163 2218 215 2290 τὴν
230 2226 282 2275 τον]
297 2217 505 2292 Αὖμοοστεολνος
520 2217 639 2275 αὐλαίαν
654 2231 733 2276 vocat
749 2222 857 2277 Nicetes
872 2224 900 2276 ia
916 2224 1006 2278 Alexio
1022 2225 1141 2280 secando.
1164 2226 1211 2278 ad-

116 2298 193 2344 verte
209 2297 335 2374 repertam
352 2308 452 2361 qaoque
468 2291 515 2344 ΟΡ
531 2286 737 2359 Αὖγοοοτίωνα,
754 2292 894 2346 colamnam
910 2292 1024 2345 nimirum
1035 2310 1152 2357 aeream,
1168 2293 1211 2346 eni

117 2358 250 2412 Iustiniani
270 2367 379 2414 statuam
396 2376 425 2412 su
445 2360 578 2430 erpositarn
601 2363 689 2412 narrat
711 2360 842 2414 cedrenus
858 2361 886 2413 in
902 2360 956 2413 eius
973 2362 1041 2414 vites
1059 2357 1210 2482 tutundit}

117 2424 151 2481 δὲ
169 2426 218 2480 uod
235 2425 250 2482 d
285 2429 385 2490 αλιιοῦς
399 2446 416 2481 ιι
428 2446 467 2482 ιον
484 2422 498 2481 d
517 2424 614 2516 μέγας,
638 2422 654 2482 ὁ
672 2422 856 2496 Αὖγοοοτίων.
881 2434 909 2481 et
929 2429 1052 2483 inferiunt
1077 2418 1193 2491 οὗτοςᾶ

116 2492 191 2550 ἐστιν
207 2491 222 2550 d
241 2448 308 2550 uideo
328 2492 344 2550 d
361 2493 504 2566 λεγόμενος
519 2496 700 2566 Λογοοοτίαν.
718 2498 828 2576 quaeda
844 2501 1008 2565 Augusteoae
1024 2503 1100 2565 gustu
1112 2505 1139 2550 et
1150 2498 1207 2550 toro

116 2564 281 2634 cupedinario
299 2566 325 2618 ia
342 2567 446 2619 Graeco
462 2564 557 2618 suidas
580 2573 652 2618 texta
668 2583 719 2618 ιιοιι
742 2565 899 2619 exstantibus
918 2566 998 2619 refert
1019 2569 1112 2621 citatus
1127 2567 1209 2619 iater-

116 2633 1209 2770 Ξέῗὲιλλλῖιῗὲἒῗίλλιῖλλὲἰ“ῗιῗ“λίλὶιέἒλλιῖῗῗίῐόιἰῗὲἷλῖῗό·λῖῗέφί*

117 2765 150 2825 ἓν
166 2773 207 2842 τῷ
222 2772 349 2843 τρικλίνῳ
366 2722 418 2825 eod
433 2721 643 2840 Atyoooia'ogqs}
663 2721 803 2842 oootsdoo
819 2721 1070 2842 Etodondidedrqae
1086 2780 1127 2825 eat
1138 2721 1209 2842 qnod²

117 2839 213 2896 dicitur
228 2843 347 2911 χρυσοῦν
361 2841 527 2911 τριτλίνιον,
543 2858 560 2896 a
577 2841 743 2896 Iustiniana?
759 2849 928 2908 exstructum
946 2841 1044 2911 dequo
1060 2841 1128 2895 alibi.

202 2948 238 3006 ib.
257 2965 284 3006 v.
308 2948 353 3010 10.
386 2946 549 3026 epicombia]
576 2945 672 3004 Iunius
695 2947 735 3005 ait
749 2939 909 3027 ἔτιιιόμβια
922 2947 1008 3004 faisse
1021 2947 1150 3021 muritta,
1168 2946 1210 3006 sic

118 3032 195 3090 dicta
207 3033 389 3108 quodessent
402 3028 509 3114 κὸμβοι
530 3026 632 3095 ἐπάνω
655 3025 774 3106 αὐτῶν,
798 3033 867 3112 quod
886 3032 949 3092 nodi
963 3052 1045 3111 supra
1067 3041 1211 3106 edesseni,
1259 3070 1262 3073 -
1334 3101 1342 3119 .

118 3117 212 3196 quibas
225 3123 301 3176 aaut
313 3121 413 3178 nummi
428 3125 564 3198 propterea
584 3117 759 3190 circumdati,
779 3139 812 3177 ne
831 3121 907 3177 iactu
921 3118 1063 3196 poputum,
1085 3119 1115 3174 in
1136 3136 1211 3194 quon

117 3202 305 3276 mittebantur,
336 3204 502 3280 offenderent.
543 3203 595 3261 sed
618 3203 679 3261 sine
703 3202 788 3262 dubio
811 3203 909 3260 melius
935 3203 1015 3260 scivit
1040 3201 1212 3278 Curopalata

118 3285 189 3363 quid
209 3291 303 3343 essent
324 3283 500 3369 ἐοικόμβια,
527 3306 612 3364 quem
632 3288 736 3346 Iunius.
788 3287 829 3345 ita
844 3305 912 3364 ergo
933 3285 991 3344 ille:
1019 3281 1157 3364 τμήματα
1179 3286 1213 3349 ἐκ

118 3369 238 3432 norton
253 3364 429 3445 κόπτοντες,
446 3375 639 3450 particulares
649 3375 747 3452 pannis
758 3377 916 3446 resecantes,
938 3376 963 3429 et
976 3374 1005 3429 in
1020 3371 1136 3448 quotibet
1146 3391 1215 3449 par·

120 3455 205 3515 tioula
215 3457 300 3533 panni
309 3458 364 3514 trin
374 3475 456 3516 aurea
466 3461 623 3516 naonirnioto
633 3457 779 3524 ettotidern
800 3460 926 3531 argentea
944 3460 970 3514 et
990 3460 1043 3513 troo
1059 3455 1142 3515 obolos
1158 3453 1213 3513 oot-

120 3541 255 3616 tigontos,
282 3543 428 3618 pooiiaiunt
453 3544 482 3600 in
495 3540 696 3600 multitudinem.
746 3540 884 3631 ῥίοτοορι
907 3534 940 3602 dd
959 3534 1114 3612 τοιούτους
1138 3532 1215 3600 droa·

119 3625 256 3704 δέσμους.
294 3628 440 3701 proiiaiunt
450 3645 510 3684 aero
523 3625 673 3683 huiuamodi
680 3623 846 3703 sardonias,
867 3628 899 3683 et
910 3632 944 3682 ut
957 3626 997 3683 sio
1012 3625 1117 3700 dicam,
1139 3621 1212 3698 tiga-

118 3716 213 3783 tarar3
226 3706 329 3767 Latine
340 3711 453 3770 minutia
464 3711 517 3768 dici
527 3713 654 3789 possunt
676 3715 706 3768 et
717 3709 747 3767 hi
760 3708 894 3788 fasciculi
903 3715 1040 3770 vocantur
1053 3700 1214 3786 ἐπικόμβια

118 3813 137 3854 ιι
154 3795 230 3853 nodo
250 3812 306 3870 quo
319 3794 496 3872 colligantur,
522 3814 573 3853 sea
594 3794 671 3870 quod
683 3788 825 3874 ιιόμβοις,
842 3793 898 3853 hoo
909 3799 953 3853 est
968 3793 1059 3869 nodis,
1074 3791 1211 3851 constriu-

119 3885 231 3956 gantur.
259 3881 295 3936 de
320 3879 419 3938 iisdem
436 3879 622 3961 ἐπικομβίοις
645 3900 673 3959 p.
696 3883 738 3945 97
763 3899 790 3938 v.
812 3883 841 3941 2.
867 3879 904 3938 de
922 3878 1008 3938 verbo
1028 3869 1211 3955 ἐπικομβόω,
1229 3897 1250 3953 ρ
1266 3898 1318 3956 254

119 3984 187 4022 aum
207 3963 346 4023 Graecum
368 3965 406 4023 sit
427 3984 465 4023 en
485 3965 645 4043 barbarum,
666 3964 793 4044 disputat
811 3961 929 4023 Photius
947 3963 977 4020 in
1000 3961 1115 4039 2epist
1129 3979 1164 4020 ex
1176 3961 1211 4020 iis

122 4067 294 4127 queenuper
310 4050 340 4109 in
358 4049 447 4108 lacem
466 4051 638 4127 prodierunt
681 4051 717 4108 de
733 4050 831 4108 iisdem
844 4047 1028 4126 ἐπικομβίοις
1041 4046 1140 4122 eadem
1152 4045 1220 4112 iere

121 4133 240 4192 Ioannes
261 4135 473 4194 Cantacuzenus
486 4134 504 4192 l.
522 4140 539 4197 1
555 4136 591 4193 de
605 4133 683 4194 bellis
696 4135 770 4194 inter
782 4131 957 4193 Andronicus
970 4150 1054 4190 avam
1070 4136 1101 4188 et
1123 4149 1212 4211 nepo-

121 4222 196 4290 tem3
217 4218 270 4277 nisi
283 4221 361 4298 quod
375 4238 408 4279 ea
421 4219 519 4298 spargi
533 4219 617 4296 dicit,
637 4219 952 4299 postquamimperatar
967 4217 1023 4276 iam
1039 4215 1169 4276 ἱιιιιιιολιιο
1182 4222 1213 4276 et

120 4303 303 4380 inauguratis
316 4324 351 4368 ex
363 4304 470 4388 templa
483 4305 627 4384 egreditar
641 4304 677 4385 (t
693 4313 706 4371 1
720 4324 749 4385 p.
763 4301 826 4368 203
839 4300 953 4383 Banu).
993 4320 1089 4361 rarsas
1109 4302 1146 4362 de
1164 4301 1213 4362 iis-
