2942 4916
277 305 353 378 236
441 291 650 376 GRETSERI
662 304 719 371 ET
734 303 864 373 coam
877 299 1212 374 COMMENTARIUS

273 468 382 537 moenie
403 468 464 531 τοῖς
483 461 572 524 ἅπασι
591 467 716 538 χρῆσθαι
736 463 911 537 κεχάρισται,
936 460 974 519 te’
998 454 1018 538 ἦ
1042 459 1249 538 διασημότατος
1273 462 1309 522 ἐν
1325 469 1383 528 τοῖς

273 537 340 606 napi
353 532 407 591 τᾶν
423 533 536 609 βασιλέα
558 533 687 606 stipentur.

347 642 374 694 p.
385 627 417 678 18
430 639 456 679 r.
467 625 508 679 10.
526 617 687 690 ὖποΰὲλιον]
705 620 861 676 detestator
878 621 1073 691 protovestiarii'
1084 622 1200 676 auritieio
1218 635 1303 691 opere
1320 637 1382 689 χρο-
1450 653 1451 684 1

277 689 423 762 οοηοϊνόν,
439 693 585 762 liquatoque
601 692 680 744 viridi
696 692 728 746 ad
745 692 900 762 pigmentum
916 691 1018 742 metello
1033 691 1128 745 vitrum
1146 691 1262 746 imitante
1275 685 1381 745 trost

278 764 357 829 λιον,
374 762 479 816 acideo
498 762 578 816 viride
596 762 669 816 simul
686 779 718 816 ae
734 777 837 814 aureum
852 756 1084 830 ηηυσοπροὶσινον.

348 847 412 900 ibid.
437 839 474 900 roi
495 841 665 917 ὑποδήματα
689 841 778 900 αὐτοῦ
801 842 933 916 novioma]
963 845 1054 928 qulbus
1071 849 1208 900 attestatur
1223 843 1382 898 Nieetasiu

275 915 366 969 Alexio
381 917 494 984 Angeia,
517 917 650 986 eidemque
669 915 867 986 protovestiario
884 925 1022 970 teutonum
1038 915 1168 986 proprium
1192 915 1331 968 coneedit:
1356 909 1384 965 oi

275 981 416 1056 βάρβαροι
434 980 467 1039 τὸ
483 987 708 1054 νοκτιφνλανοῦν
724 981 880 1054 στράτευμα
895 985 931 1038 τ’
947 985 999 1038 τοῦ
1015 982 1269 1054 τρωτοβεοτιοιηίοο
1283 978 1382 1035 Ἰωάν-

273 1071 327 1106 νον
344 1055 432 1125 σκηνῇ
449 1057 552 1124 φεῦγον
569 1049 787 1126 terrenitates,
812 1049 849 1118 oie
872 1001 1038 1108 naitono
1054 1049 1261 1124 θορυβηθέντα
1277 1045 1380 1116 ἔξοινοι-

273 1123 383 1190 στῆναι.
417 1129 444 1175 et
458 1125 539 1179 intras
558 1120 593 1178 roi
610 1118 641 1179 ἐν
657 1124 694 1194 τῇ
709 1123 798 1192 σκηνῇ
813 1119 983 1193 διελόμενοι,
1000 1115 1031 1178 ἐν
1049 1119 1092 1185 οἷς
1107 1111 1144 1194 ἦν
1159 1117 1208 1174 ael
1223 1113 1261 1206 epi
1273 1116 1381 1191 βατρά-

272 1187 604 1330 t;“.t..lt⁰³tt⁷‘tttt
619 1189 968 1330 :ttpttttttttt’
982 1183 1382 1330 ttt;.ttt'²²tatt.ttt

273 1327 314 1382 oio
332 1337 360 1383 at
375 1313 475 1398 trigelo
524 1349 531 1382 r
554 1325 570 1384 d
588 1327 838 1402 προτοβεοτιοίριος
853 1323 889 1384 ut
907 1335 966 1395 τοῖς
981 1333 1096 1396 πολλοῖς
1113 1321 1288 1402 ἑτερόχρρνμοι
1304 1329 1380 1382 καθ-

208 1415 211 1422 *
268 1395 461 1468 νποδούμενοο
475 1395 586 1454 πέδιλα.
831 1403 834 1412 ’
991 1441 993 1450 ,

356 1488 423 1548 aare.
448 1509 475 1548 v.
494 1491 542 1550 17.
577 1482 731 1568 βλοὶτινον]
765 1473 827 1549 eod.
852 1487 954 1548 Boieus
983 1487 1121 1566 βλοτίον,
1152 1486 1214 1568 eliis¹
1240 1479 1378 1566 βλοῖτιον.

268 1592 357 1650 saepe
372 1574 491 1634 occurrit
503 1573 532 1632 in
546 1572 600 1632 lroc
613 1579 643 1632 et
656 1574 685 1632 in
703 1573 763 1632 aliis
781 1574 943 1652 posterioris
953 1573 1014 1631 aevi
1027 1571 1225 1652 scriptoribus3
1239 1591 1293 1631 nec
1309 1575 1378 1648 quid
1451 1589 1452 1628 1

268 1662 326 1735 sit,
348 1657 428 1716 facile
441 1658 580 1737 explicatu
593 1663 645 1718 est.
667 1659 746 1738 prius
755 1660 879 1718 meamus
894 1660 963 1736 quid
974 1658 1012 1718 sit
1022 1660 1100 1736 apud
1115 1655 1253 1736 Latinos,
1273 1659 1378 1718 deinde

269 1745 443 1804 adGraecos
456 1745 607 1806 veniamus.
648 1744 757 1806 Savaro
774 1746 805 1803 in
823 1744 892 1804 illud
910 1745 1020 1804 Sidonii
1040 1744 1058 1803 l.
1082 1748 1101 1807 9
1121 1743 1204 1826 epist.
1227 1747 1282 1807 13:
1305 1749 1377 1804 ruti-

270 1830 363 1908 lunpee
380 1836 451 1889 uerte
469 1831 587 1908 blattae,
607 1831 638 1888 id
657 1836 701 1888 est
724 1849 887 1909 purpuram.
930 1830 1034 1890 Paulus
1055 1828 1198 1888 Diaconus
1211 1829 1240 1886 in
1256 1828 1374 1906 glossis:

268 1915 358 1974 blatta
372 1935 462 1992 genus
478 1933 651 1996 purpureum
664 1917 774 1974 smmis.
795 1922 824 1974 et
840 1915 857 1974 l.
880 1917 922 1978 10
942 1917 1004 1975 eod.
1022 1917 1058 1974 de
1071 1914 1256 1992 Murilegulis.
1278 1934 1296 1973 a
1320 1935 1376 1992 qua

134 1998 184 2054 -P
204 2001 255 2058 199
269 2000 395 2060 blatteae
412 2001 524 2062 tunicae
543 1999 707 2082 Capitolino
722 2006 753 2059 et
773 1995 914 2080 Vopisco,
937 2007 972 2082 et
995 2001 1110 2060 blatteus
1130 2000 1207 2059 color
1222 1999 1337 2061 Isidoro
1358 2001 1374 2060 l

268 2089 310 2148 12
321 2105 345 2144 ο.
359 2085 411 2145 ult.
422 2091 452 2143 et
465 2085 483 2144 l.
498 2087 539 2148 29
549 2106 574 2146 c.
585 2086 642 2161 18,
656 2092 687 2144 et
699 2087 824 2165 blattifer
836 2091 959 2166 muniar,
973 2086 1028 2146 hoa
1038 2093 1084 2146 est
1097 2104 1275 2165 purpureus,
1295 2088 1375 2167 apud

266 2171 389 2230 endem
417 2171 572 2230 Sidonium.
614 2169 771 2230 venentius
796 2171 971 2232 Fortunatus
995 2171 1013 2232 l.
1041 2173 1172 2250 aepigr.
1206 2171 1304 2230 Serica
1329 2175 1375 2231 arri

264 2259 352 2315 niani
365 2262 470 2332 agnete
483 2263 521 2315 eet
537 2258 638 2316 blattea
647 2257 715 2316 talia
735 2259 773 2314 de
787 2275 914 2336 purpura
929 2277 981 2316 seu
999 2276 1143 2338 purpurea
1158 2261 1237 2315 veste
1254 2257 1372 2334 intelligi

265 2340 370 2400 debere
379 2342 461 2402 testis
478 2347 523 2402 est
535 2340 689 2422 Eutropius
703 2343 733 2400 in
746 2341 876 2422 Nerone,
896 2344 964 2420 quia
978 2344 1056 2418 quod
1068 2342 1220 2402 Suetonius
1236 2343 1292 2419 ait,
1313 2343 1372 2402 Ne

264 2445 364 2486 nonem
389 2447 516 2507 purpura
546 2445 692 2505 coccoque.
713 2428 826 2487 funibus
852 2429 930 2487 nexis
955 2428 1112 2510 piscatum,
1138 2428 1192 2486 hoc
1214 2426 1372 2506 Eutropius

266 2513 375 2572 blattetr
389 2515 467 2573 dixit.
491 2516 568 2593 apud
579 2513 775 2592 Lampridium
795 2514 825 2572 in
839 2511 1028 2592 Heliogabalo
1043 2515 1128 2593 funes
1146 2513 1234 2572 tlattu
1250 2520 1278 2572 et
1291 2520 1371 2573 serien

264 2600 368 2657 intorti.
389 2601 465 2658 unde
480 2600 687 2659 serteollntteum
699 2605 807 2658 restem
824 2600 966 2680 accipiunt
980 2598 1107 2658 nonnulli
1127 2617 1189 2657 eam
1211 2615 1287 2674 quae
1304 2619 1371 2677 pur-

265 2685 346 2761 purei
360 2683 461 2742 eoloris
471 2690 516 2743 est
526 2689 556 2743 et
568 2683 622 2742 tilis
639 2684 730 2742 aureis
744 2685 853 2744 variata
864 2685 882 2744 l.
902 2687 981 2749 1οο
1000 2686 1036 2743 de
1058 2682 1241 2760 liturilegulis.
1261 2690 1293 2742 et
1312 2685 1331 2744 l.
1347 2707 1368 2744 c.

266 2766 377 2827 Theod.
391 2770 454 2826 eod.
468 2768 538 2828 haec
547 2770 693 2828 Browerus
709 2775 806 2828 noster
820 2770 857 2828 ad
876 2769 1053 2828 venantium.
1074 2771 1153 2848 apud
1172 2769 1370 2828 Turoneusem

265 2853 374 2911 Hister.
395 2854 495 2911 Frauc.
516 2857 537 2915 2
559 2856 600 2917 38
617 2853 719 2912 blattea
734 2859 825 2913 tunica
846 2856 906 2912 sine
931 2855 1016 2913 dubio
1038 2874 1182 2933 purpurea
1200 2861 1252 2912 est.
1278 2857 1308 2913 iu
1328 2858 1368 2914 lni-

264 2939 354 2996 storia
373 2935 517 2997 anastasii
539 2940 576 2996 de
592 2938 665 2996 Vitis
688 2938 872 3016 Pontificum,
891 2941 920 2998 iu
940 2939 1083 3016 Paschali,
1104 2939 1192 2998 habes
1212 2959 1316 3000 crucan
1339 2942 1369 3000 de

265 3022 384 3096 eleum,
401 3024 547 3103 perielpria
563 3024 596 3084 de
609 3025 723 3092 blatum·
746 3043 819 3100 quae
831 3027 915 3084 etiem
929 3025 959 3084 in
982 3025 1079 3084 Leone
1095 3024 1138 3084 lll
1158 3025 1272 3103 saepius
1292 3025 1368 3086 iuve-

263 3109 334 3165 nies.
357 3109 395 3164 ad
419 3109 626 3170 distinctionem
648 3110 763 3168 additur
794 3111 935 3170 interdum
963 3111 995 3170 de
1021 3111 1119 3170 dlntttn
1151 3109 1307 3189 Bysenteo,
1336 3114 1368 3172 ele

263 3192 362 3251 blattin
376 3189 562 3273 Neapolitano.
584 3197 620 3253 da
633 3193 731 3254 Leone
743 3194 800 3254 III:
817 3196 888 3274 feeit
905 3201 1000 3256 vertera
1014 3195 1211 3275 clryeoeludum
1221 3215 1256 3256 ex
1271 3197 1367 3256 tluttin

262 3276 423 3355 Byzanteo,
442 3280 577 3340 debentem
593 3282 731 3340 littorium
750 3284 904 3341 nativitatis
924 3289 948 3340 et
973 3281 1007 3340 S.
1026 3281 1164 3340 Simeonis.
1185 3281 1235 3338 ubi
1250 3285 1367 3341 materie

262 3382 283 3422 a
301 3362 440 3440 Byzantio
465 3384 568 3424 nomen
582 3368 683 3426 sortita
702 3366 834 3426 innuitur.
857 3367 925 3442 quid
941 3365 1063 3426 Graeai‘l
1083 3365 1275 3425 Glossarium:
1297 3363 1366 3448 βιᾶ.

262 3471 329 3510 τιον
345 3449 440 3510 butte.
482 3449 646 3511 Actuarius:
668 3447 807 3532 βλοὶττοον
826 3446 992 3526 Βυζάντιον
1008 3447 1120 3515 ὀστοῦν
1134 3456 1189 3530 τῆς
1209 3447 1296 3529 ῥινὸς
1312 3457 1366 3531 τῆς

261 3538 433 3612 πορφυρᾶς.
456 3537 544 3596 blatta
563 3538 705 3615 Byzantia
727 3541 767 3596 at
790 3557 818 3594 oe
843 3556 877 3595 en
900 3557 967 3596 aare
987 3557 1127 3616 purpurae.
1146 3556 1252 3616 saepe,
1273 3537 1364 3614 inquit

261 3619 453 3698 Glossarium,
488 3623 609 3682 occurrit
641 3623 720 3703 apud
747 3620 888 3682 Codinum
912 3621 1044 3682 Nicetam
1067 3622 1239 3682 Cedreuum.
1279 3642 1364 3702 saepe

260 3707 395 3783 occurrit,
416 3707 519 3768 fateor:
537 3710 590 3768 sed
602 3729 671 3769 num
682 3725 793 3786 semper
809 3725 844 3767 ea
858 3725 942 3784 quam
955 3706 1143 3766 eontuario
1161 3708 1262 3782 affers,
1277 3710 1363 3787 signi-

258 3792 411 3852 ficatione?
428 3813 515 3869 quare
526 3813 585 3853 non
598 3795 715 3874 exponis
730 3793 799 3868 quid
808 3794 847 3851 sit
861 3792 989 3853 absolute
1003 3787 1144 3873 βλάπτον
1154 3798 1184 3851 et
1197 3785 1363 3871 βλοὶττνονῖ

259 3878 338 3954 apud
349 3878 490 3938 Coelinum
504 3885 581 3938 certe
599 3897 657 3938 non
668 3884 765 3957 potest
779 3895 840 3937 esse
858 3899 886 3937 os
902 3879 965 3936 nari
975 3897 1119 3958 perpurae.
1146 3878 1277 3937 nimirum
1291 3879 1362 3938 anti-

260 3979 347 4034 quum
372 3965 468 4023 tenes:
500 3965 598 4025 abdita
619 3963 709 4040 fugis,
738 3963 821 4022 obvia
847 3969 877 4022 et
899 3963 1024 4039 vulgaria
1048 3961 1214 4042 plerumque
1239 3965 1361 4024 sectaris.

260 4045 439 4108 Theodosius
459 4049 629 4127 Zygomalas
654 4049 778 4108 Graecus
807 4049 836 4106 in
858 4049 978 4128 epistola
997 4049 1120 4124 quadam
1140 4047 1362 4129 Turcograeciae

258 4131 366 4190 inserta
385 4153 412 4210 p.
432 4135 473 4198 99
487 4137 592 4215 βλοτίοι
606 4138 702 4216 χρυσᾶ
716 4132 771 4196 ναὶ
785 4126 931 4212 ἕξοῖμετοιε
951 4131 1000 4193 ubi
1016 4133 1134 4192 Crusius
1153 4133 1266 4210 giildrire
1285 4135 1362 4194 stricte

256 4217 313 4273 und
327 4215 441 4277 damnet.
483 4219 597 4280 Alexius
616 4223 778 4280 Comnenus
792 4220 924 4280 mittebat
938 4239 972 4279 ex
990 4225 1075 4299 pacto
1095 4219 1219 4278 Haurieo
1239 4221 1279 4278 lv
1303 4221 1360 4296 regi

257 4307 287 4360 et
307 4301 470 4380 imperatori
482 4293 541 4383 lll,
563 4314 676 4386 praeter
698 4304 846 4384 plmimam
865 4306 1027 4388 pecuniam,
1049 4302 1152 4368 ἕκατον
1170 4306 1308 4386 (iterator,
1330 4311 1360 4362 ul
