<?xml version="1.0" encoding="UTF-8"?>
<!DOCTYPE html PUBLIC "-//W3C//DTD XHTML 1.0 Transitional//EN"
    "http://www.w3.org/TR/xhtml1/DTD/xhtml1-transitional.dtd">
<html xmlns="http://www.w3.org/1999/xhtml" xml:lang="en" lang="en">
 <head>
  <title>
</title>
<meta http-equiv="Content-Type" content="text/html;charset=utf-8" />
  <meta name='ocr-system' content='tesseract 3.04.00' />
  <meta name='ocr-capabilities' content='ocr_page ocr_carea ocr_par ocr_line ocrx_word'/>
</head>
<body>
  <div class='ocr_page' id='page_1' title='image "./deofficialibusp01bekkgoog/deofficialibusp01bekkgoog_0061.png"; bbox 0 0 3050 4924; ppageno 0'>
   <div class='ocr_carea' id='block_1_1' title="bbox 301 320 1083 396">
    <p class='ocr_par' dir='ltr' id='par_1_1' title="bbox 301 320 1083 396">
     <span class='ocr_line' id='line_1_1' title="bbox 301 320 1083 396; baseline -0.014 0"><span class='ocrx_word' id='word_1_1' title='bbox 301 322 352 396; x_wconf 83' lang='lat'><strong>46</strong></span> <span class='ocrx_word' id='word_1_2' title='bbox 609 320 759 391; x_wconf 77' lang='lat' dir='ltr'><strong>commu</strong></span> <span class='ocrx_word' id='word_1_3' title='bbox 785 320 1083 390; x_wconf 68' lang='lat' dir='ltr'><strong>euronotum</strong></span> 
     </span>
    </p>
   </div>
   <div class='ocr_carea' id='block_1_2' title="bbox 211 489 1446 2760">
    <p class='ocr_par' dir='ltr' id='par_1_2' title="bbox 264 489 1446 1514">
     <span class='ocr_line' id='line_1_2' title="bbox 264 489 1407 584; baseline -0.005 -18"><span class='ocrx_word' id='word_1_4' title='bbox 264 511 289 566; x_wconf 80' lang='lat' dir='ltr'><strong>c</strong></span> <span class='ocrx_word' id='word_1_5' title='bbox 305 492 387 582; x_wconf 74' lang='grc' dir='ltr'><strong>καὶῆ</strong></span> <span class='ocrx_word' id='word_1_6' title='bbox 401 489 507 580; x_wconf 75' lang='grc' dir='ltr'><strong><em>ἔν’νάτη</em></strong></span> <span class='ocrx_word' id='word_1_7' title='bbox 515 543 526 576; x_wconf 90' lang='lat'><strong>,</strong></span> <span class='ocrx_word' id='word_1_8' title='bbox 545 492 698 578; x_wconf 72' lang='grc' dir='ltr'><strong><em>μετὰτῶν</em></strong></span> <span class='ocrx_word' id='word_1_9' title='bbox 712 495 894 584; x_wconf 87' lang='grc' dir='ltr'><strong><em>τροπαρίιον.</em></strong></span> <span class='ocrx_word' id='word_1_10' title='bbox 944 498 988 572; x_wconf 78' lang='grc' dir='ltr'><strong>εἰς</strong></span> <span class='ocrx_word' id='word_1_11' title='bbox 1001 492 1104 579; x_wconf 70' lang='grc' dir='ltr'><strong><em>μέντοι</em></strong></span> <span class='ocrx_word' id='word_1_12' title='bbox 1116 493 1152 562; x_wconf 79' lang='grc' dir='ltr'><strong><em>τὸ</em></strong></span> <span class='ocrx_word' id='word_1_13' title='bbox 1167 493 1337 562; x_wconf 80' lang='grc' dir='ltr'><strong><em>τελευταίαν</em></strong></span> <span class='ocrx_word' id='word_1_14' title='bbox 1349 503 1407 580; x_wconf 79' lang='grc' dir='ltr'><strong><em>τῆς·</em></strong></span> 
     </span>
     <span class='ocr_line' id='line_1_3' title="bbox 303 595 1406 688; baseline -0.003 -21"><span class='ocrx_word' id='word_1_15' title='bbox 303 598 428 685; x_wconf 76' lang='grc' dir='ltr'><strong><em>ἒννιίτης</em></strong></span> <span class='ocrx_word' id='word_1_16' title='bbox 443 597 527 685; x_wconf 77' lang='grc' dir='ltr'><strong><em>ὥρας</em></strong></span> <span class='ocrx_word' id='word_1_17' title='bbox 539 596 704 688; x_wconf 85' lang='grc' dir='ltr'><strong><em>τροπάριον</em></strong></span> <span class='ocrx_word' id='word_1_18' title='bbox 717 599 794 686; x_wconf 69' lang='grc' dir='ltr'><strong><em>λέγει</em></strong></span> <span class='ocrx_word' id='word_1_19' title='bbox 807 595 824 666; x_wconf 85' lang='grc' dir='ltr'><em>ὃ</em></span> <span class='ocrx_word' id='word_1_20' title='bbox 837 596 1064 688; x_wconf 82' lang='grc' dir='ltr'><strong><em>πρωτοψοίλτης</em></strong></span> <span class='ocrx_word' id='word_1_21' title='bbox 1078 599 1113 666; x_wconf 83' lang='grc' dir='ltr'><strong><em>τὸ</em></strong></span> <span class='ocrx_word' id='word_1_22' title='bbox 1131 595 1223 679; x_wconf 78' lang='grc' dir='ltr'><strong><em>δόξα,</em></strong></span> <span class='ocrx_word' id='word_1_23' title='bbox 1253 601 1303 663; x_wconf 81' lang='grc' dir='ltr'><strong>καὶ</strong></span> <span class='ocrx_word' id='word_1_24' title='bbox 1317 596 1406 681; x_wconf 81' lang='grc' dir='ltr'><strong><em>ψάλ-</em></strong></span> 
     </span>
     <span class='ocr_line' id='line_1_4' title="bbox 302 699 1405 788; baseline -0.005 -18"><span class='ocrx_word' id='word_1_25' title='bbox 302 711 397 770; x_wconf 82' lang='grc' dir='ltr'><strong><em>λεται.</em></strong></span> <span class='ocrx_word' id='word_1_26' title='bbox 448 699 512 769; x_wconf 76' lang='grc' dir='ltr'><strong><em>εἶτα</em></strong></span> <span class='ocrx_word' id='word_1_27' title='bbox 532 704 584 770; x_wconf 80' lang='grc' dir='ltr'><strong>καὶ</strong></span> <span class='ocrx_word' id='word_1_28' title='bbox 607 703 641 768; x_wconf 80' lang='grc' dir='ltr'><strong><em>τὸ</em></strong></span> <span class='ocrx_word' id='word_1_29' title='bbox 664 706 715 768; x_wconf 82' lang='grc' dir='ltr'><strong>καλ</strong></span> <span class='ocrx_word' id='word_1_30' title='bbox 734 708 788 769; x_wconf 79' lang='grc' dir='ltr'><strong>νῦν</strong></span> <span class='ocrx_word' id='word_1_31' title='bbox 809 705 861 769; x_wconf 81' lang='grc' dir='ltr'><strong>καὶ</strong></span> <span class='ocrx_word' id='word_1_32' title='bbox 881 703 937 770; x_wconf 81' lang='grc' dir='ltr'><strong><em>ἀεί.</em></strong></span> <span class='ocrx_word' id='word_1_33' title='bbox 988 705 1040 768; x_wconf 81' lang='grc' dir='ltr'><strong>καὶ</strong></span> <span class='ocrx_word' id='word_1_34' title='bbox 1062 701 1098 768; x_wconf 77' lang='lat' dir='ltr'><strong>ori</strong></span> <span class='ocrx_word' id='word_1_35' title='bbox 1118 699 1270 788; x_wconf 67' lang='lat' dir='ltr'><strong>maiitiam</strong></span> <span class='ocrx_word' id='word_1_36' title='bbox 1285 703 1317 767; x_wconf 73' lang='lat' dir='ltr'><strong>ia</strong></span> <span class='ocrx_word' id='word_1_37' title='bbox 1332 704 1405 767; x_wconf 79' lang='grc' dir='ltr'><strong><em>δευ-</em></strong></span> 
     </span>
     <span class='ocr_line' id='line_1_5' title="bbox 300 801 1404 894; baseline -0.005 -20"><span class='ocrx_word' id='word_1_38' title='bbox 300 808 390 893; x_wconf 73' lang='grc' dir='ltr'><strong><em>τέρον</em></strong></span> <span class='ocrx_word' id='word_1_39' title='bbox 412 805 468 891; x_wconf 78' lang='grc' dir='ltr'><strong>μὲν</strong></span> <span class='ocrx_word' id='word_1_40' title='bbox 490 806 524 873; x_wconf 79' lang='grc' dir='ltr'><strong><em>τὸ</em></strong></span> <span class='ocrx_word' id='word_1_41' title='bbox 543 802 726 894; x_wconf 82' lang='grc' dir='ltr'><strong><em>τροπάριον,</em></strong></span> <span class='ocrx_word' id='word_1_42' title='bbox 753 804 988 894; x_wconf 74' lang='grc' dir='ltr'><strong><em>ἀναγινώσκεται</em></strong></span> <span class='ocrx_word' id='word_1_43' title='bbox 1003 806 1036 871; x_wconf 75' lang='grc' dir='ltr'><strong>δὲ</strong></span> <span class='ocrx_word' id='word_1_44' title='bbox 1049 802 1109 871; x_wconf 73' lang='grc' dir='ltr'><strong>ἀπὸ</strong></span> <span class='ocrx_word' id='word_1_45' title='bbox 1124 813 1180 871; x_wconf 78' lang='lat' dir='ltr'><strong>cori</strong></span> <span class='ocrx_word' id='word_1_46' title='bbox 1194 801 1404 891; x_wconf 85' lang='grc' dir='ltr'><strong><em>κανονάρχου·</em></strong></span> 
     </span>
     <span class='ocr_line' id='line_1_6' title="bbox 302 905 1431 998; baseline -0.004 -21"><span class='ocrx_word' id='word_1_47' title='bbox 302 910 401 988; x_wconf 76' lang='grc' dir='ltr'><strong><em>ὅςκαὶ</em></strong></span> <span class='ocrx_word' id='word_1_48' title='bbox 415 909 493 992; x_wconf 77' lang='grc' dir='ltr'><strong><em>μετὰ</em></strong></span> <span class='ocrx_word' id='word_1_49' title='bbox 507 909 542 976; x_wconf 84' lang='grc' dir='ltr'><strong><em>τὸ</em></strong></span> <span class='ocrx_word' id='word_1_50' title='bbox 556 907 724 998; x_wconf 82' lang='grc' dir='ltr'><strong><em>ἀναγνῶναι</em></strong></span> <span class='ocrx_word' id='word_1_51' title='bbox 737 909 814 997; x_wconf 73' lang='grc' dir='ltr'><strong><em>λέγει</em></strong></span> <span class='ocrx_word' id='word_1_52' title='bbox 827 909 906 977; x_wconf 76' lang='grc' dir='ltr'><strong><em>οὕτω</em></strong></span> <span class='ocrx_word' id='word_1_53' title='bbox 921 905 1143 998; x_wconf 50' lang='grc' dir='ltr'><strong>ι(πολυχρόνιον</strong></span> <span class='ocrx_word' id='word_1_54' title='bbox 1156 907 1281 993; x_wconf 77' lang='grc' dir='ltr'><strong><em>ποιήσαι</em></strong></span> <span class='ocrx_word' id='word_1_55' title='bbox 1296 905 1312 973; x_wconf 84' lang='grc' dir='ltr'>ὁ</span> <span class='ocrx_word' id='word_1_56' title='bbox 1327 908 1431 985; x_wconf 68' lang='grc' dir='ltr'><strong>9εόςὸ</strong></span> 
     </span>
     <span class='ocr_line' id='line_1_7' title="bbox 302 1008 1405 1100; baseline -0.003 -20"><span class='ocrx_word' id='word_1_57' title='bbox 302 1014 359 1098; x_wconf 81' lang='grc' dir='ltr'><strong><em>τὴν</em></strong></span> <span class='ocrx_word' id='word_1_58' title='bbox 382 1013 530 1100; x_wconf 81' lang='grc' dir='ltr'><strong><em>κραταιὰν</em></strong></span> <span class='ocrx_word' id='word_1_59' title='bbox 551 1015 602 1078; x_wconf 79' lang='grc' dir='ltr'><strong>καὶ</strong></span> <span class='ocrx_word' id='word_1_60' title='bbox 624 1011 712 1100; x_wconf 71' lang='grc' dir='ltr'><strong><em>ἁγίαν</em></strong></span> <span class='ocrx_word' id='word_1_61' title='bbox 726 1016 883 1098; x_wconf 73' lang='grc' dir='ltr'><strong><em>βασιλείαν</em></strong></span> <span class='ocrx_word' id='word_1_62' title='bbox 897 1019 956 1090; x_wconf 81' lang='grc' dir='ltr'><strong>σᾶς</strong></span> <span class='ocrx_word' id='word_1_63' title='bbox 970 1017 1012 1090; x_wconf 77' lang='grc' dir='ltr'><strong><em>τίς</em></strong></span> <span class='ocrx_word' id='word_1_64' title='bbox 1025 1013 1122 1078; x_wconf 84' lang='grc' dir='ltr'><strong><em>πολλὰ</em></strong></span> <span class='ocrx_word' id='word_1_65' title='bbox 1138 1011 1212 1096; x_wconf 68' lang='grc' dir='ltr'><strong><em>ξ’τη”</em></strong></span> <span class='ocrx_word' id='word_1_66' title='bbox 1241 1013 1292 1076; x_wconf 85' lang='grc' dir='ltr'><strong>καλ</strong></span> <span class='ocrx_word' id='word_1_67' title='bbox 1312 1008 1405 1077; x_wconf 81' lang='grc' dir='ltr'><strong><em>πάλιν</em></strong></span> 
     </span>
     <span class='ocr_line' id='line_1_8' title="bbox 301 1112 1404 1206; baseline -0.005 -23"><span class='ocrx_word' id='word_1_68' title='bbox 301 1119 334 1183; x_wconf 71' lang='grc' dir='ltr'><strong>ἐκ</strong></span> <span class='ocrx_word' id='word_1_69' title='bbox 353 1116 455 1206; x_wconf 86' lang='grc' dir='ltr'><strong><em>τρίτου</em></strong></span> <span class='ocrx_word' id='word_1_70' title='bbox 477 1113 700 1206; x_wconf 82' lang='grc' dir='ltr'><strong><em>“πολυχρόνιον</em></strong></span> <span class='ocrx_word' id='word_1_71' title='bbox 720 1114 847 1202; x_wconf 80' lang='grc' dir='ltr'><strong><em>ποιήσοι</em></strong></span> <span class='ocrx_word' id='word_1_72' title='bbox 867 1115 883 1184; x_wconf 84' lang='grc' dir='ltr'><strong>ὁ</strong></span> <span class='ocrx_word' id='word_1_73' title='bbox 905 1115 981 1193; x_wconf 76' lang='grc' dir='ltr'><strong>θεὸς</strong></span> <span class='ocrx_word' id='word_1_74' title='bbox 993 1117 1049 1201; x_wconf 78' lang='grc' dir='ltr'><strong><em>τὴν</em></strong></span> <span class='ocrx_word' id='word_1_75' title='bbox 1061 1113 1314 1204; x_wconf 72' lang='grc' dir='ltr'><strong><em>θεοπρόβληπτον</em></strong></span> <span class='ocrx_word' id='word_1_76' title='bbox 1326 1112 1404 1180; x_wconf 75' lang='grc' dir='ltr'><strong>θεό-</strong></span> 
     </span>
     <span class='ocr_line' id='line_1_9' title="bbox 302 1217 1405 1309; baseline -0.005 -22"><span class='ocrx_word' id='word_1_77' title='bbox 302 1245 430 1288; x_wconf 85' lang='grc' dir='ltr'><strong><em>στεπτον</em></strong></span> <span class='ocrx_word' id='word_1_78' title='bbox 446 1221 497 1285; x_wconf 79' lang='grc' dir='ltr'><strong>καὶ</strong></span> <span class='ocrx_word' id='word_1_79' title='bbox 513 1219 764 1307; x_wconf 68' lang='grc' dir='ltr'><strong><em>θεοφρούρητον,</em></strong></span> <span class='ocrx_word' id='word_1_80' title='bbox 788 1221 937 1309; x_wconf 84' lang='grc' dir='ltr'><strong><em>κραταιὰν</em></strong></span> <span class='ocrx_word' id='word_1_81' title='bbox 951 1222 1001 1285; x_wconf 81' lang='grc' dir='ltr'><strong>καὶ</strong></span> <span class='ocrx_word' id='word_1_82' title='bbox 1017 1217 1105 1306; x_wconf 76' lang='grc' dir='ltr'><strong><em>ἁγίαν</em></strong></span> <span class='ocrx_word' id='word_1_83' title='bbox 1116 1218 1274 1302; x_wconf 80' lang='grc' dir='ltr'><strong><em>βασιλείαν</em></strong></span> <span class='ocrx_word' id='word_1_84' title='bbox 1289 1223 1346 1299; x_wconf 85' lang='grc' dir='ltr'><strong>σιῖς</strong></span> <span class='ocrx_word' id='word_1_85' title='bbox 1358 1222 1405 1296; x_wconf 75' lang='grc' dir='ltr'><strong>εἰς</strong></span> 
     </span>
     <span class='ocr_line' id='line_1_10' title="bbox 302 1315 1405 1414; baseline -0.005 -24"><span class='ocrx_word' id='word_1_86' title='bbox 302 1324 402 1390; x_wconf 80' lang='grc' dir='ltr'><strong><em>πολλὰ</em></strong></span> <span class='ocrx_word' id='word_1_87' title='bbox 421 1322 497 1408; x_wconf 71' lang='grc' dir='ltr'><strong><em>ἴτη”</em></strong></span> <span class='ocrx_word' id='word_1_88' title='bbox 524 1327 576 1388; x_wconf 82' lang='grc' dir='ltr'><strong>καὶ</strong></span> <span class='ocrx_word' id='word_1_89' title='bbox 596 1321 749 1410; x_wconf 80' lang='grc' dir='ltr'><strong><em>ψάλλεται</em></strong></span> <span class='ocrx_word' id='word_1_90' title='bbox 769 1324 804 1391; x_wconf 80' lang='grc' dir='ltr'><strong><em>τὸ</em></strong></span> <span class='ocrx_word' id='word_1_91' title='bbox 824 1322 989 1414; x_wconf 83' lang='grc' dir='ltr'><strong><em>τροπάριον</em></strong></span> <span class='ocrx_word' id='word_1_92' title='bbox 1011 1315 1120 1405; x_wconf 67' lang='grc' dir='ltr'><strong><em>αὖθις,</em></strong></span> <span class='ocrx_word' id='word_1_93' title='bbox 1146 1323 1208 1388; x_wconf 76' lang='grc' dir='ltr'><strong>ἐπεὶ</strong></span> <span class='ocrx_word' id='word_1_94' title='bbox 1225 1321 1261 1389; x_wconf 85' lang='grc' dir='ltr'><strong><em>τὸ</em></strong></span> <span class='ocrx_word' id='word_1_95' title='bbox 1278 1327 1331 1388; x_wconf 81' lang='grc' dir='ltr'><strong>νῦν</strong></span> <span class='ocrx_word' id='word_1_96' title='bbox 1351 1324 1405 1386; x_wconf 80' lang='grc' dir='ltr'><strong>καὶ</strong></span> 
     </span>
     <span class='ocr_line' id='line_1_11' title="bbox 287 1425 1446 1514; baseline -0.004 -23"><span class='ocrx_word' id='word_1_97' title='bbox 287 1427 347 1492; x_wconf 75' lang='grc' dir='ltr'><strong>,ἀεὶ</strong></span> <span class='ocrx_word' id='word_1_98' title='bbox 365 1425 550 1514; x_wconf 73' lang='grc' dir='ltr'><strong><em>προερρὲθη.</em></strong></span> <span class='ocrx_word' id='word_1_99' title='bbox 1412 1432 1446 1487; x_wconf 83' lang='grc'><strong>10</strong></span> 
     </span>
    </p>

    <p class='ocr_par' dir='ltr' id='par_1_3' title="bbox 261 1520 1406 1928">
     <span class='ocr_line' id='line_1_12' title="bbox 261 1520 1406 1618; baseline -0.004 -23"><span class='ocrx_word' id='word_1_100' title='bbox 261 1538 286 1618; x_wconf 84' lang='lat' dir='ltr'>D</span> <span class='ocrx_word' id='word_1_101' title='bbox 409 1530 492 1607; x_wconf 73' lang='grc' dir='ltr'><strong><em>Τοὺς</em></strong></span> <span class='ocrx_word' id='word_1_102' title='bbox 514 1529 570 1613; x_wconf 70' lang='grc' dir='ltr'><strong>μέν</strong></span> <span class='ocrx_word' id='word_1_103' title='bbox 592 1520 647 1596; x_wconf 72' lang='lat' dir='ltr'><strong>onir</strong></span> <span class='ocrx_word' id='word_1_104' title='bbox 666 1531 813 1615; x_wconf 73' lang='grc' dir='ltr'><strong><em>ψαλμοὺς</em></strong></span> <span class='ocrx_word' id='word_1_105' title='bbox 832 1535 893 1596; x_wconf 84' lang='grc' dir='ltr'><strong><em>τῶν</em></strong></span> <span class='ocrx_word' id='word_1_106' title='bbox 911 1527 998 1615; x_wconf 77' lang='grc' dir='ltr'><strong><em>ὡρῶν</em></strong></span> <span class='ocrx_word' id='word_1_107' title='bbox 1015 1523 1208 1616; x_wconf 76' lang='grc' dir='ltr'><strong><em>ἀναγινώσκει</em></strong></span> <span class='ocrx_word' id='word_1_108' title='bbox 1224 1524 1241 1594; x_wconf 85' lang='grc' dir='ltr'><em>ὃ</em></span> <span class='ocrx_word' id='word_1_109' title='bbox 1259 1523 1406 1614; x_wconf 77' lang='grc' dir='ltr'><strong><em>ἀρχιὸιά-</em></strong></span> 
     </span>
     <span class='ocr_line' id='line_1_13' title="bbox 302 1628 1405 1721; baseline -0.005 -23"><span class='ocrx_word' id='word_1_110' title='bbox 302 1657 406 1711; x_wconf 87' lang='grc' dir='ltr'><strong><em>κονος,</em></strong></span> <span class='ocrx_word' id='word_1_111' title='bbox 431 1633 487 1716; x_wconf 82' lang='grc' dir='ltr'><strong><em>τὴν</em></strong></span> <span class='ocrx_word' id='word_1_112' title='bbox 507 1633 696 1721; x_wconf 75' lang='grc' dir='ltr'><strong><em>προφητείαν</em></strong></span> <span class='ocrx_word' id='word_1_113' title='bbox 719 1637 770 1700; x_wconf 81' lang='grc' dir='ltr'><strong>καλ</strong></span> <span class='ocrx_word' id='word_1_114' title='bbox 791 1633 845 1701; x_wconf 83' lang='grc' dir='ltr'><strong><em>τὸν</em></strong></span> <span class='ocrx_word' id='word_1_115' title='bbox 865 1632 1034 1700; x_wconf 85' lang='grc' dir='ltr'><strong><em>ἀπόστολον</em></strong></span> <span class='ocrx_word' id='word_1_116' title='bbox 1052 1630 1068 1698; x_wconf 85' lang='grc' dir='ltr'>ὁ</span> <span class='ocrx_word' id='word_1_117' title='bbox 1084 1628 1405 1720; x_wconf 84' lang='grc' dir='ltr'><strong><em>πρωταποστολάριος,</em></strong></span> 
     </span>
     <span class='ocr_line' id='line_1_14' title="bbox 303 1733 1404 1828; baseline -0.005 -24"><span class='ocrx_word' id='word_1_118' title='bbox 303 1741 365 1804; x_wconf 82' lang='grc' dir='ltr'><strong><em>τῶν</em></strong></span> <span class='ocrx_word' id='word_1_119' title='bbox 387 1737 420 1800; x_wconf 78' lang='grc' dir='ltr'><strong>δὲ</strong></span> <span class='ocrx_word' id='word_1_120' title='bbox 440 1736 618 1824; x_wconf 79' lang='grc' dir='ltr'><strong><em>εὐαγγελίων</em></strong></span> <span class='ocrx_word' id='word_1_121' title='bbox 638 1736 674 1804; x_wconf 79' lang='grc' dir='ltr'><strong><em>τὸ</em></strong></span> <span class='ocrx_word' id='word_1_122' title='bbox 695 1737 751 1822; x_wconf 75' lang='grc' dir='ltr'><strong>μὲν</strong></span> <span class='ocrx_word' id='word_1_123' title='bbox 770 1743 891 1826; x_wconf 78' lang='grc' dir='ltr'><strong><em>πρῶτον</em></strong></span> <span class='ocrx_word' id='word_1_124' title='bbox 913 1735 930 1804; x_wconf 81' lang='grc' dir='ltr'>ὁ</span> <span class='ocrx_word' id='word_1_125' title='bbox 952 1743 1175 1828; x_wconf 78' lang='grc' dir='ltr'><strong><em>πρωτοπαπᾶς,</em></strong></span> <span class='ocrx_word' id='word_1_126' title='bbox 1200 1734 1239 1802; x_wconf 80' lang='grc' dir='ltr'><strong><em>τὰ</em></strong></span> <span class='ocrx_word' id='word_1_127' title='bbox 1258 1734 1292 1800; x_wconf 75' lang='grc' dir='ltr'><strong>δὲ</strong></span> <span class='ocrx_word' id='word_1_128' title='bbox 1310 1733 1404 1799; x_wconf 74' lang='grc' dir='ltr'><strong><em>λοιπὰ</em></strong></span> 
     </span>
     <span class='ocr_line' id='line_1_15' title="bbox 302 1839 510 1928; baseline 0 -24"><span class='ocrx_word' id='word_1_129' title='bbox 302 1839 391 1928; x_wconf 75' lang='grc' dir='ltr'><strong><em>ἱερεῖς</em></strong></span> <span class='ocrx_word' id='word_1_130' title='bbox 404 1839 510 1926; x_wconf 68' lang='grc' dir='ltr'><strong><em>ἕτεροι.</em></strong></span> 
     </span>
    </p>

    <p class='ocr_par' dir='ltr' id='par_1_4' title="bbox 298 1933 1444 2444">
     <span class='ocr_line' id='line_1_16' title="bbox 404 1933 1444 2031; baseline -0.008 -21"><span class='ocrx_word' id='word_1_131' title='bbox 404 1945 499 2010; x_wconf 81' lang='grc' dir='ltr'><strong><em>Μετὰ</em></strong></span> <span class='ocrx_word' id='word_1_132' title='bbox 515 1943 548 2008; x_wconf 75' lang='grc' dir='ltr'><strong>δὲ</strong></span> <span class='ocrx_word' id='word_1_133' title='bbox 563 1941 618 2027; x_wconf 77' lang='grc' dir='ltr'><strong><em>τὴν</em></strong></span> <span class='ocrx_word' id='word_1_134' title='bbox 633 1938 781 2009; x_wconf 86' lang='grc' dir='ltr'><strong><em>ἀπόλυσιν</em></strong></span> <span class='ocrx_word' id='word_1_135' title='bbox 795 1949 857 2010; x_wconf 81' lang='grc' dir='ltr'><strong><em>τῶν</em></strong></span> <span class='ocrx_word' id='word_1_136' title='bbox 874 1940 962 2031; x_wconf 80' lang='grc' dir='ltr'><strong><em>ὡρῶν</em></strong></span> <span class='ocrx_word' id='word_1_137' title='bbox 976 1949 1031 2010; x_wconf 74' lang='grc' dir='ltr'><strong><em>τοῦ</em></strong></span> <span class='ocrx_word' id='word_1_138' title='bbox 1045 1941 1196 2029; x_wconf 69' lang='grc' dir='ltr'><strong><em>βασιλέως</em></strong></span> <span class='ocrx_word' id='word_1_139' title='bbox 1212 1933 1402 2016; x_wconf 72' lang='grc' dir='ltr'><strong><em>ἀπελθόντος</em></strong></span> <span class='ocrx_word' id='word_1_140' title='bbox 1413 1946 1444 2002; x_wconf 81' lang='lat'><strong>15</strong></span> 
     </span>
     <span class='ocr_line' id='line_1_17' title="bbox 299 2036 1427 2133; baseline -0.004 -23"><span class='ocrx_word' id='word_1_141' title='bbox 299 2036 393 2122; x_wconf 79' lang='grc' dir='ltr'><strong><em>αάθις</em></strong></span> <span class='ocrx_word' id='word_1_142' title='bbox 408 2048 459 2111; x_wconf 82' lang='grc' dir='ltr'><strong>καὶ</strong></span> <span class='ocrx_word' id='word_1_143' title='bbox 477 2045 533 2124; x_wconf 78' lang='grc' dir='ltr'><strong><em>τὰς</em></strong></span> <span class='ocrx_word' id='word_1_144' title='bbox 552 2043 639 2133; x_wconf 85' lang='grc' dir='ltr'><strong><em>ἆγίας</em></strong></span> <span class='ocrx_word' id='word_1_145' title='bbox 655 2044 772 2130; x_wconf 78' lang='grc' dir='ltr'><strong><em>είκόνας</em></strong></span> <span class='ocrx_word' id='word_1_146' title='bbox 788 2046 1022 2130; x_wconf 72' lang='grc' dir='ltr'><strong><em>ἀσπασαμένου,</em></strong></span> <span class='ocrx_word' id='word_1_147' title='bbox 1048 2049 1098 2112; x_wconf 86' lang='grc' dir='ltr'><strong>καὶ</strong></span> <span class='ocrx_word' id='word_1_148' title='bbox 1113 2046 1191 2130; x_wconf 80' lang='grc' dir='ltr'><strong><em>μετὰ</em></strong></span> <span class='ocrx_word' id='word_1_149' title='bbox 1206 2051 1295 2110; x_wconf 81' lang='grc' dir='ltr'><strong><em>τοῦτο</em></strong></span> <span class='ocrx_word' id='word_1_150' title='bbox 1311 2047 1354 2120; x_wconf 80' lang='grc' dir='ltr'><strong>εἷς</strong></span> <span class='ocrx_word' id='word_1_151' title='bbox 1365 2041 1402 2107; x_wconf 79' lang='grc' dir='ltr'><strong><em>τὸ</em></strong></span> <span class='ocrx_word' id='word_1_152' title='bbox 1421 2045 1427 2056; x_wconf 83' lang='grc'><em>’</em></span> 
     </span>
     <span class='ocr_line' id='line_1_18' title="bbox 298 2143 1403 2237; baseline -0.002 -25"><span class='ocrx_word' id='word_1_153' title='bbox 298 2149 415 2214; x_wconf 82' lang='grc' dir='ltr'><strong><em>κελλίον</em></strong></span> <span class='ocrx_word' id='word_1_154' title='bbox 432 2148 529 2214; x_wconf 75' lang='grc' dir='ltr'><strong><em>αὐτοῦ</em></strong></span> <span class='ocrx_word' id='word_1_155' title='bbox 544 2145 735 2227; x_wconf 73' lang='grc' dir='ltr'><strong><em>εἰσελθόντος</em></strong></span> <span class='ocrx_word' id='word_1_156' title='bbox 741 2198 751 2230; x_wconf 89' lang='grc'>,</span> <span class='ocrx_word' id='word_1_157' title='bbox 773 2147 913 2236; x_wconf 76' lang='grc' dir='ltr'><strong><em>λύεται-ἡ</em></strong></span> <span class='ocrx_word' id='word_1_158' title='bbox 929 2148 1120 2237; x_wconf 80' lang='grc' dir='ltr'><strong><em>παράστασις</em></strong></span> <span class='ocrx_word' id='word_1_159' title='bbox 1135 2149 1240 2235; x_wconf 85' lang='grc' dir='ltr'><strong><em>μίχρις</em></strong></span> <span class='ocrx_word' id='word_1_160' title='bbox 1256 2144 1296 2212; x_wconf 82' lang='grc' dir='ltr'><strong>ἀν</strong></span> <span class='ocrx_word' id='word_1_161' title='bbox 1310 2143 1331 2230; x_wconf 78' lang='grc' dir='ltr'><strong><em>ἦ</em></strong></span> <span class='ocrx_word' id='word_1_162' title='bbox 1347 2151 1403 2230; x_wconf 81' lang='grc' dir='ltr'><strong><em>τῆς</em></strong></span> 
     </span>
     <span class='ocr_line' id='line_1_19' title="bbox 299 2247 1403 2340; baseline -0.003 -24"><span class='ocrx_word' id='word_1_163' title='bbox 299 2253 486 2340; x_wconf 79' lang='grc' dir='ltr'><strong><em>λειτουργίας</em></strong></span> <span class='ocrx_word' id='word_1_164' title='bbox 500 2249 697 2340; x_wconf 81' lang='grc' dir='ltr'><strong><em>προσήκουσα</em></strong></span> <span class='ocrx_word' id='word_1_165' title='bbox 709 2252 787 2340; x_wconf 73' lang='grc' dir='ltr'><strong>ἔλθῃ</strong></span> <span class='ocrx_word' id='word_1_166' title='bbox 801 2252 884 2338; x_wconf 77' lang='grc' dir='ltr'><strong><em>ὥρα,</em></strong></span> <span class='ocrx_word' id='word_1_167' title='bbox 906 2255 958 2318; x_wconf 83' lang='grc' dir='ltr'><strong>καὶ</strong></span> <span class='ocrx_word' id='word_1_168' title='bbox 970 2251 1037 2320; x_wconf 81' lang='grc' dir='ltr'><strong><em>τότε</em></strong></span> <span class='ocrx_word' id='word_1_169' title='bbox 1049 2252 1201 2338; x_wconf 79' lang='grc' dir='ltr'><strong><em>ψάλλεται</em></strong></span> <span class='ocrx_word' id='word_1_170' title='bbox 1215 2249 1231 2316; x_wconf 83' lang='grc' dir='ltr'><em>ὃ</em></span> <span class='ocrx_word' id='word_1_171' title='bbox 1246 2247 1403 2337; x_wconf 76' lang='grc' dir='ltr'><strong><em>ἕσπερινὸς</em></strong></span> 
     </span>
     <span class='ocr_line' id='line_1_20' title="bbox 299 2348 1402 2444; baseline -0.003 -24"><span class='ocrx_word' id='word_1_172' title='bbox 299 2352 404 2438; x_wconf 76' lang='grc' dir='ltr'><strong><em>ἀμνος.</em></strong></span> <span class='ocrx_word' id='word_1_173' title='bbox 455 2358 565 2442; x_wconf 83' lang='grc' dir='ltr'><strong><em>γίνεται</em></strong></span> <span class='ocrx_word' id='word_1_174' title='bbox 580 2355 682 2440; x_wconf 73' lang='grc' dir='ltr'><strong><em>μέντοι</em></strong></span> <span class='ocrx_word' id='word_1_175' title='bbox 695 2363 785 2423; x_wconf 78' lang='grc' dir='ltr'><strong><em>τοῦτο</em></strong></span> <span class='ocrx_word' id='word_1_176' title='bbox 801 2355 915 2437; x_wconf 75' lang='grc' dir='ltr'><strong><em>οὕτως,</em></strong></span> <span class='ocrx_word' id='word_1_177' title='bbox 937 2355 1018 2444; x_wconf 71' lang='grc' dir='ltr'><strong><em>εἴπερ</em></strong></span> <span class='ocrx_word' id='word_1_178' title='bbox 1035 2354 1121 2440; x_wconf 72' lang='grc' dir='ltr'><strong><em>τύχοι</em></strong></span> <span class='ocrx_word' id='word_1_179' title='bbox 1138 2348 1248 2439; x_wconf 79' lang='grc' dir='ltr'><strong>οάσαῆ</strong></span> <span class='ocrx_word' id='word_1_180' title='bbox 1263 2349 1354 2440; x_wconf 69' lang='grc' dir='ltr'><strong><em>ἑορτὴ</em></strong></span> <span class='ocrx_word' id='word_1_181' title='bbox 1370 2356 1402 2418; x_wconf 78' lang='grc' dir='ltr'><strong>ἓν</strong></span> 
     </span>
    </p>

    <p class='ocr_par' dir='ltr' id='par_1_5' title="bbox 211 2457 1443 2760">
     <span class='ocr_line' id='line_1_21' title="bbox 211 2457 1443 2549; baseline 0 -27"><span class='ocrx_word' id='word_1_182' title='bbox 211 2463 234 2517; x_wconf 87' lang='grc' dir='ltr'>Ρ</span> <span class='ocrx_word' id='word_1_183' title='bbox 251 2465 284 2522; x_wconf 84' lang='grc'><strong>79</strong></span> <span class='ocrx_word' id='word_1_184' title='bbox 302 2457 380 2546; x_wconf 70' lang='lat' dir='ltr'><strong>trip</strong></span> <span class='ocrx_word' id='word_1_185' title='bbox 399 2465 456 2543; x_wconf 77' lang='grc' dir='ltr'><strong><em>τῆς</em></strong></span> <span class='ocrx_word' id='word_1_186' title='bbox 477 2457 649 2544; x_wconf 71' lang='grc' dir='ltr'><strong><em>ἑβδομάδος</em></strong></span> <span class='ocrx_word' id='word_1_187' title='bbox 670 2457 785 2548; x_wconf 72' lang='grc' dir='ltr'><strong><em>ἡμέρα·</em></strong></span> <span class='ocrx_word' id='word_1_188' title='bbox 812 2463 838 2525; x_wconf 81' lang='lat' dir='ltr'><strong>ai</strong></span> <span class='ocrx_word' id='word_1_189' title='bbox 861 2461 894 2525; x_wconf 77' lang='grc' dir='ltr'><strong>δὲ</strong></span> <span class='ocrx_word' id='word_1_190' title='bbox 915 2462 946 2548; x_wconf 62' lang='lat' dir='ltr'><strong>&lt;a</strong></span> <span class='ocrx_word' id='word_1_191' title='bbox 964 2458 1112 2549; x_wconf 74' lang='grc' dir='ltr'><strong><em>σαββάτῳ</em></strong></span> <span class='ocrx_word' id='word_1_192' title='bbox 1129 2458 1150 2545; x_wconf 80' lang='grc' dir='ltr'><strong><em>ἢ</em></strong></span> <span class='ocrx_word' id='word_1_193' title='bbox 1169 2464 1313 2545; x_wconf 79' lang='grc' dir='ltr'><strong><em>κυριακῇ,</em></strong></span> <span class='ocrx_word' id='word_1_194' title='bbox 1338 2462 1443 2523; x_wconf 67' lang='lat' dir='ltr'><strong>univit</strong></span> 
     </span>
     <span class='ocr_line' id='line_1_22' title="bbox 299 2558 1401 2656; baseline -0.001 -28"><span class='ocrx_word' id='word_1_195' title='bbox 299 2559 387 2649; x_wconf 80' lang='grc' dir='ltr'><strong><em>ὡρῶν</em></strong></span> <span class='ocrx_word' id='word_1_196' title='bbox 408 2566 458 2628; x_wconf 83' lang='grc' dir='ltr'><strong>καὶ</strong></span> <span class='ocrx_word' id='word_1_197' title='bbox 483 2569 544 2628; x_wconf 79' lang='grc' dir='ltr'><strong><em>τῶν</em></strong></span> <span class='ocrx_word' id='word_1_198' title='bbox 563 2565 737 2656; x_wconf 87' lang='grc' dir='ltr'><strong><em>τροπαρίων</em></strong></span> <span class='ocrx_word' id='word_1_199' title='bbox 756 2563 959 2646; x_wconf 80' lang='grc' dir='ltr'><strong><em>ψαλλομίνιον</em></strong></span> <span class='ocrx_word' id='word_1_200' title='bbox 979 2562 1123 2652; x_wconf 79' lang='grc' dir='ltr'><strong><em>πάρεστιν</em></strong></span> <span class='ocrx_word' id='word_1_201' title='bbox 1140 2563 1196 2647; x_wconf 74' lang='grc' dir='ltr'><strong>μὲν</strong></span> <span class='ocrx_word' id='word_1_202' title='bbox 1212 2558 1228 2626; x_wconf 82' lang='grc' dir='ltr'>ὅ</span> <span class='ocrx_word' id='word_1_203' title='bbox 1243 2559 1401 2643; x_wconf 70' lang='grc' dir='ltr'><strong><em>βασιλεύς,</em></strong></span> 
     </span>
     <span class='ocr_line' id='line_1_23' title="bbox 298 2663 1403 2760; baseline -0.002 -28"><span class='ocrx_word' id='word_1_204' title='bbox 298 2667 334 2732; x_wconf 80' lang='grc' dir='ltr'><strong>οὔ</strong></span> <span class='ocrx_word' id='word_1_205' title='bbox 357 2667 420 2751; x_wconf 72' lang='grc' dir='ltr'><strong>μίν</strong></span> <span class='ocrx_word' id='word_1_206' title='bbox 442 2666 476 2731; x_wconf 71' lang='lat' dir='ltr'><strong>tia*</strong></span> <span class='ocrx_word' id='word_1_207' title='bbox 492 2668 550 2732; x_wconf 81' lang='grc' dir='ltr'><strong><em>,καλ</em></strong></span> <span class='ocrx_word' id='word_1_208' title='bbox 575 2670 617 2746; x_wconf 77' lang='grc' dir='ltr'><strong>εἰς</strong></span> <span class='ocrx_word' id='word_1_209' title='bbox 639 2667 694 2751; x_wconf 80' lang='grc' dir='ltr'><strong><em>τὴν</em></strong></span> <span class='ocrx_word' id='word_1_210' title='bbox 717 2667 922 2753; x_wconf 83' lang='grc' dir='ltr'><strong><em>λειτουργίαν,</em></strong></span> <span class='ocrx_word' id='word_1_211' title='bbox 954 2665 1024 2742; x_wconf 75' lang='grc' dir='ltr'><strong><em>,ἀλλ’</em></strong></span> <span class='ocrx_word' id='word_1_212' title='bbox 1051 2669 1115 2760; x_wconf 75' lang='grc' dir='ltr'><strong><em>ἰιλίρ</em></strong></span> <span class='ocrx_word' id='word_1_213' title='bbox 1136 2664 1289 2752; x_wconf 66' lang='lat' dir='ltr'><strong>ponerer</strong></span> <span class='ocrx_word' id='word_1_214' title='bbox 1311 2663 1403 2750; x_wconf 78' lang='grc' dir='ltr'><strong><em>αὐτή.</em></strong></span> 
     </span>
    </p>
   </div>
   <div class='ocr_carea' id='block_1_3' title="bbox 367 2855 1402 3001">
    <p class='ocr_par' dir='ltr' id='par_1_6' title="bbox 367 2855 1402 3001">
     <span class='ocr_line' id='line_1_24' title="bbox 367 2855 1402 2933; baseline 0.001 -17"><span class='ocrx_word' id='word_1_215' title='bbox 367 2855 578 2928; x_wconf 71' lang='grc' dir='ltr'><strong><em>Ξτροπάρινλ</em></strong></span> <span class='ocrx_word' id='word_1_216' title='bbox 662 2855 833 2931; x_wconf 62' lang='lat' dir='ltr'><strong>eramentu</strong></span> <span class='ocrx_word' id='word_1_217' title='bbox 849 2856 897 2915; x_wconf 79' lang='grc' dir='ltr'><strong><em>κοιλ</em></strong></span> <span class='ocrx_word' id='word_1_218' title='bbox 914 2857 994 2924; x_wconf 83' lang='lat' dir='ltr'><strong>ornB</strong></span> <span class='ocrx_word' id='word_1_219' title='bbox 1081 2861 1115 2917; x_wconf 79' lang='lat'><strong>13</strong></span> <span class='ocrx_word' id='word_1_220' title='bbox 1131 2855 1161 2916; x_wconf 75' lang='lat' dir='ltr'><strong>ii</strong></span> <span class='ocrx_word' id='word_1_221' title='bbox 1179 2863 1219 2933; x_wconf 78' lang='grc' dir='ltr'><strong>λ]</strong></span> <span class='ocrx_word' id='word_1_222' title='bbox 1237 2860 1269 2917; x_wconf 78' lang='grc' dir='ltr'><strong>δέ</strong></span> <span class='ocrx_word' id='word_1_223' title='bbox 1285 2879 1316 2932; x_wconf 80' lang='grc' dir='ltr'><strong>γε</strong></span> <span class='ocrx_word' id='word_1_224' title='bbox 1334 2863 1402 2920; x_wconf 75' lang='grc' dir='ltr'><strong>λλ</strong></span> 
     </span>
     <span class='ocr_line' id='line_1_25' title="bbox 371 2927 729 3001; baseline 0.003 -16"><span class='ocrx_word' id='word_1_225' title='bbox 371 2931 405 2985; x_wconf 86' lang='grc'><strong>19</strong></span> <span class='ocrx_word' id='word_1_226' title='bbox 420 2927 490 3001; x_wconf 67' lang='lat' dir='ltr'><strong>roim</strong></span> <span class='ocrx_word' id='word_1_227' title='bbox 509 2928 554 2986; x_wconf 80' lang='lat' dir='ltr'><strong>AB</strong></span> <span class='ocrx_word' id='word_1_228' title='bbox 720 2968 729 2998; x_wconf 50' lang='grc' dir='ltr'><strong><em>ς</em></strong></span> 
     </span>
    </p>
   </div>
   <div class='ocr_carea' id='block_1_4' title="bbox 295 3097 1465 4421">
    <p class='ocr_par' dir='ltr' id='par_1_7' title="bbox 300 3097 1403 3259">
     <span class='ocr_line' id='line_1_26' title="bbox 302 3097 1403 3173; baseline 0.002 -18"><span class='ocrx_word' id='word_1_229' title='bbox 302 3117 360 3155; x_wconf 88' lang='lat' dir='ltr'><strong>oum</strong></span> <span class='ocrx_word' id='word_1_230' title='bbox 381 3100 517 3172; x_wconf 83' lang='lat' dir='ltr'><strong>tropariia.</strong></span> <span class='ocrx_word' id='word_1_231' title='bbox 552 3097 586 3153; x_wconf 84' lang='lat' dir='ltr'><strong>ad</strong></span> <span class='ocrx_word' id='word_1_232' title='bbox 609 3100 724 3154; x_wconf 86' lang='lat' dir='ltr'><strong>altimum</strong></span> <span class='ocrx_word' id='word_1_233' title='bbox 749 3117 834 3155; x_wconf 82' lang='lat' dir='ltr'><strong>nonae</strong></span> <span class='ocrx_word' id='word_1_234' title='bbox 857 3099 940 3154; x_wconf 83' lang='lat' dir='ltr'><strong>horae</strong></span> <span class='ocrx_word' id='word_1_235' title='bbox 964 3099 1109 3172; x_wconf 77' lang='lat' dir='ltr'><strong>troparium</strong></span> <span class='ocrx_word' id='word_1_236' title='bbox 1135 3101 1200 3157; x_wconf 88' lang='lat' dir='ltr'><strong>dicit</strong></span> <span class='ocrx_word' id='word_1_237' title='bbox 1241 3103 1403 3173; x_wconf 82' lang='lat' dir='ltr'><strong>rotopaaltea</strong></span> 
     </span>
     <span class='ocr_line' id='line_1_27' title="bbox 300 3120 1403 3259; baseline 0.005 -37"><span class='ocrx_word' id='word_1_238' title='bbox 300 3165 404 3240; x_wconf 80' lang='lat' dir='ltr'><strong>“gloria</strong></span> <span class='ocrx_word' id='word_1_239' title='bbox 418 3171 490 3259; x_wconf 88' lang='lat' dir='ltr'><strong>patri</strong></span> <span class='ocrx_word' id='word_1_240' title='bbox 505 3175 532 3223; x_wconf 85' lang='lat' dir='ltr'><strong>et</strong></span> <span class='ocrx_word' id='word_1_241' title='bbox 547 3169 601 3223; x_wconf 87' lang='lat' dir='ltr'><strong>filio</strong></span> <span class='ocrx_word' id='word_1_242' title='bbox 620 3177 647 3223; x_wconf 87' lang='lat' dir='ltr'><strong>ct</strong></span> <span class='ocrx_word' id='word_1_243' title='bbox 663 3170 768 3240; x_wconf 78' lang='lat' dir='ltr'><strong>spiritui</strong></span> <span class='ocrx_word' id='word_1_244' title='bbox 784 3165 914 3236; x_wconf 84' lang='lat' dir='ltr'><strong>aancto;&#39;&#39;</strong></span> <span class='ocrx_word' id='word_1_245' title='bbox 937 3179 965 3224; x_wconf 86' lang='lat' dir='ltr'><strong>ot</strong></span> <span class='ocrx_word' id='word_1_246' title='bbox 976 3171 1145 3227; x_wconf 76' lang='lat' dir='ltr'><strong>decantatur.</strong></span> <span class='ocrx_word' id='word_1_247' title='bbox 1180 3120 1286 3226; x_wconf 75' lang='lat' dir='ltr'><strong>ad‹iitur</strong></span> <span class='ocrx_word' id='word_1_248' title='bbox 1301 3172 1403 3227; x_wconf 87' lang='lat' dir='ltr'><strong>deinde</strong></span> 
     </span>
    </p>

    <p class='ocr_par' dir='ltr' id='par_1_8' title="bbox 300 3234 1403 3460">
     <span class='ocr_line' id='line_1_28' title="bbox 302 3234 1403 3310; baseline 0.002 -17"><span class='ocrx_word' id='word_1_249' title='bbox 302 3249 330 3293; x_wconf 88' lang='lat' dir='ltr'><strong>et</strong></span> <span class='ocrx_word' id='word_1_250' title='bbox 345 3238 396 3292; x_wconf 86' lang='lat' dir='ltr'><strong>hoc</strong></span> <span class='ocrx_word' id='word_1_251' title='bbox 428 3236 464 3293; x_wconf 77' lang='lat' dir='ltr'><strong>‘et</strong></span> <span class='ocrx_word' id='word_1_252' title='bbox 481 3257 550 3294; x_wconf 91' lang='lat' dir='ltr'><strong>nunc</strong></span> <span class='ocrx_word' id='word_1_253' title='bbox 567 3247 594 3292; x_wconf 82' lang='lat' dir='ltr'><strong>at</strong></span> <span class='ocrx_word' id='word_1_254' title='bbox 612 3234 755 3309; x_wconf 82' lang='lat' dir='ltr'><strong>aampnr;”</strong></span> <span class='ocrx_word' id='word_1_255' title='bbox 774 3257 825 3292; x_wconf 87' lang='lat' dir='ltr'><strong>nec</strong></span> <span class='ocrx_word' id='word_1_256' title='bbox 842 3240 956 3293; x_wconf 82' lang='lat' dir='ltr'><strong>secundo</strong></span> <span class='ocrx_word' id='word_1_257' title='bbox 977 3246 1097 3294; x_wconf 83' lang='lat' dir='ltr'><strong>cantatur</strong></span> <span class='ocrx_word' id='word_1_258' title='bbox 1115 3247 1156 3295; x_wconf 93' lang='lat' dir='ltr'><strong>tro</strong></span> <span class='ocrx_word' id='word_1_259' title='bbox 1176 3243 1273 3309; x_wconf 89' lang='lat' dir='ltr'><strong>arium,</strong></span> <span class='ocrx_word' id='word_1_260' title='bbox 1301 3240 1403 3310; x_wconf 83' lang='lat' dir='ltr'><strong>legitur</strong></span> 
     </span>
     <span class='ocr_line' id='line_1_29' title="bbox 300 3306 1403 3380; baseline 0.005 -18"><span class='ocrx_word' id='word_1_261' title='bbox 300 3314 387 3362; x_wconf 84' lang='lat' dir='ltr'><strong>autem</strong></span> <span class='ocrx_word' id='word_1_262' title='bbox 405 3319 423 3361; x_wconf 72' lang='lat' dir='ltr'><strong>u&#39;</strong></span> <span class='ocrx_word' id='word_1_263' title='bbox 437 3307 618 3376; x_wconf 66' lang='lat' dir='ltr'><strong>monarcha,</strong></span> <span class='ocrx_word' id='word_1_264' title='bbox 642 3309 689 3377; x_wconf 90' lang='lat' dir='ltr'><strong>qni</strong></span> <span class='ocrx_word' id='word_1_265' title='bbox 705 3316 766 3378; x_wconf 86' lang='lat' dir='ltr'><strong>poat</strong></span> <span class='ocrx_word' id='word_1_266' title='bbox 781 3307 919 3362; x_wconf 85' lang='lat' dir='ltr'><strong>lectionem</strong></span> <span class='ocrx_word' id='word_1_267' title='bbox 937 3308 977 3362; x_wconf 85' lang='lat' dir='ltr'><strong>sic</strong></span> <span class='ocrx_word' id='word_1_268' title='bbox 993 3311 1115 3380; x_wconf 80' lang='lat' dir='ltr'><strong>profatur</strong></span> <span class='ocrx_word' id='word_1_269' title='bbox 1129 3306 1145 3329; x_wconf 80' lang='lat'><strong><em>“</em></strong></span> <span class='ocrx_word' id='word_1_270' title='bbox 1166 3311 1296 3366; x_wconf 78' lang='lat' dir='ltr'>intumum</span> <span class='ocrx_word' id='word_1_271' title='bbox 1314 3311 1403 3367; x_wconf 84' lang='lat' dir='ltr'><strong>faciat</strong></span> 
     </span>
     <span class='ocr_line' id='line_1_30' title="bbox 300 3375 1400 3460; baseline 0.002 -28"><span class='ocrx_word' id='word_1_272' title='bbox 300 3379 365 3432; x_wconf 83' lang='lat' dir='ltr'><strong>deuo</strong></span> <span class='ocrx_word' id='word_1_273' title='bbox 389 3386 547 3449; x_wconf 85' lang='lat' dir='ltr'><strong>praepotens</strong></span> <span class='ocrx_word' id='word_1_274' title='bbox 565 3385 593 3430; x_wconf 87' lang='lat' dir='ltr'><strong>ct</strong></span> <span class='ocrx_word' id='word_1_275' title='bbox 607 3383 724 3431; x_wconf 63' lang='lat' dir='ltr'><strong>aunuum</strong></span> <span class='ocrx_word' id='word_1_276' title='bbox 744 3378 880 3460; x_wconf 87' lang='lat' dir='ltr'><strong>imperinm</strong></span> <span class='ocrx_word' id='word_1_277' title='bbox 896 3386 1012 3432; x_wconf 83' lang='lat' dir='ltr'><strong>vestrum</strong></span> <span class='ocrx_word' id='word_1_278' title='bbox 1030 3378 1064 3432; x_wconf 83' lang='lat' dir='ltr'><strong>ad</strong></span> <span class='ocrx_word' id='word_1_279' title='bbox 1080 3379 1173 3434; x_wconf 82' lang='lat' dir='ltr'><strong>multos</strong></span> <span class='ocrx_word' id='word_1_280' title='bbox 1190 3375 1304 3433; x_wconf 86' lang='lat' dir='ltr'><strong>annoa.”</strong></span> <span class='ocrx_word' id='word_1_281' title='bbox 1335 3397 1400 3434; x_wconf 88' lang='lat' dir='ltr'><strong>rur-</strong></span> 
     </span>
    </p>

    <p class='ocr_par' dir='ltr' id='par_1_9' title="bbox 298 3441 1465 3792">
     <span class='ocr_line' id='line_1_31' title="bbox 300 3441 1401 3518; baseline 0.003 -18"><span class='ocrx_word' id='word_1_282' title='bbox 300 3464 345 3500; x_wconf 82' lang='lat' dir='ltr'><strong>ouo</strong></span> <span class='ocrx_word' id='word_1_283' title='bbox 368 3449 448 3501; x_wconf 85' lang='lat' dir='ltr'><strong>tortia</strong></span> <span class='ocrx_word' id='word_1_284' title='bbox 471 3448 531 3500; x_wconf 83' lang='lat' dir='ltr'><strong>vica</strong></span> <span class='ocrx_word' id='word_1_285' title='bbox 551 3441 719 3500; x_wconf 74' lang='lat' dir='ltr'><strong>“diuturnum</strong></span> <span class='ocrx_word' id='word_1_286' title='bbox 734 3447 817 3500; x_wconf 78' lang='lat' dir='ltr'><strong>sacrat</strong></span> <span class='ocrx_word' id='word_1_287' title='bbox 832 3446 895 3500; x_wconf 80' lang='lat' dir='ltr'><strong>dene</strong></span> <span class='ocrx_word' id='word_1_288' title='bbox 913 3464 929 3500; x_wconf 89' lang='lat' dir='ltr'><strong>a</strong></span> <span class='ocrx_word' id='word_1_289' title='bbox 946 3448 995 3501; x_wconf 82' lang='lat' dir='ltr'><strong>deo</strong></span> <span class='ocrx_word' id='word_1_290' title='bbox 1013 3456 1148 3518; x_wconf 86' lang='lat' dir='ltr'><strong>acceptum</strong></span> <span class='ocrx_word' id='word_1_291' title='bbox 1163 3457 1191 3502; x_wconf 89' lang='lat' dir='ltr'><strong>et</strong></span> <span class='ocrx_word' id='word_1_292' title='bbox 1206 3466 1222 3501; x_wconf 93' lang='lat' dir='ltr'><strong>a</strong></span> <span class='ocrx_word' id='word_1_293' title='bbox 1239 3449 1290 3502; x_wconf 85' lang='lat' dir='ltr'><strong>deo</strong></span> <span class='ocrx_word' id='word_1_294' title='bbox 1306 3457 1401 3504; x_wconf 85' lang='lat' dir='ltr'><strong>cuato-</strong></span> 
     </span>
     <span class='ocr_line' id='line_1_32' title="bbox 299 3509 1465 3598; baseline 0.003 -29"><span class='ocrx_word' id='word_1_295' title='bbox 299 3517 383 3571; x_wconf 85' lang='lat' dir='ltr'><strong>dituru</strong></span> <span class='ocrx_word' id='word_1_296' title='bbox 412 3523 571 3588; x_wconf 78' lang='lat' dir='ltr'><strong>praepotens</strong></span> <span class='ocrx_word' id='word_1_297' title='bbox 601 3523 629 3569; x_wconf 88' lang='lat' dir='ltr'><strong>ct</strong></span> <span class='ocrx_word' id='word_1_298' title='bbox 657 3522 774 3569; x_wconf 84' lang='lat' dir='ltr'><strong>sanctum</strong></span> <span class='ocrx_word' id='word_1_299' title='bbox 806 3515 942 3598; x_wconf 87' lang='lat' dir='ltr'><strong>imperinm</strong></span> <span class='ocrx_word' id='word_1_300' title='bbox 971 3525 1088 3573; x_wconf 81' lang='lat' dir='ltr'><strong>vestram</strong></span> <span class='ocrx_word' id='word_1_301' title='bbox 1113 3518 1147 3571; x_wconf 89' lang='lat' dir='ltr'><strong>ad</strong></span> <span class='ocrx_word' id='word_1_302' title='bbox 1171 3516 1264 3573; x_wconf 81' lang='lat' dir='ltr'><strong>multos</strong></span> <span class='ocrx_word' id='word_1_303' title='bbox 1286 3509 1401 3572; x_wconf 57' lang='lat' dir='ltr'><strong>annon?</strong></span> <span class='ocrx_word' id='word_1_304' title='bbox 1461 3547 1465 3558; x_wconf 78' lang='lat'>=</span> 
     </span>
     <span class='ocr_line' id='line_1_33' title="bbox 299 3579 1400 3657; baseline 0.002 -19"><span class='ocrx_word' id='word_1_305' title='bbox 299 3585 395 3638; x_wconf 86' lang='lat' dir='ltr'><strong>deinde</strong></span> <span class='ocrx_word' id='word_1_306' title='bbox 416 3585 562 3639; x_wconf 85' lang='lat' dir='ltr'><strong>acclamant</strong></span> <span class='ocrx_word' id='word_1_307' title='bbox 586 3584 781 3639; x_wconf 75' lang='lat' dir='ltr'><strong>circumstantes</strong></span> <span class='ocrx_word' id='word_1_308' title='bbox 805 3579 970 3640; x_wconf 77' lang='lat' dir='ltr'><strong>“diuturnum</strong></span> <span class='ocrx_word' id='word_1_309' title='bbox 991 3586 1073 3640; x_wconf 85' lang='lat' dir='ltr'><strong>faciat</strong></span> <span class='ocrx_word' id='word_1_310' title='bbox 1097 3587 1161 3641; x_wconf 79' lang='lat' dir='ltr'><strong>dena</strong></span> <span class='ocrx_word' id='word_1_311' title='bbox 1178 3594 1295 3640; x_wconf 82' lang='lat' dir='ltr'><strong>sanctum</strong></span> <span class='ocrx_word' id='word_1_312' title='bbox 1312 3588 1400 3657; x_wconf 86' lang='lat' dir='ltr'><strong>impo-</strong></span> 
     </span>
     <span class='ocr_line' id='line_1_34' title="bbox 298 3649 1398 3728; baseline 0.004 -20"><span class='ocrx_word' id='word_1_313' title='bbox 298 3654 366 3708; x_wconf 89' lang='lat' dir='ltr'><strong>rium</strong></span> <span class='ocrx_word' id='word_1_314' title='bbox 390 3661 506 3708; x_wconf 83' lang='lat' dir='ltr'><strong>reatrnrn</strong></span> <span class='ocrx_word' id='word_1_315' title='bbox 529 3656 563 3708; x_wconf 88' lang='lat' dir='ltr'><strong>ad</strong></span> <span class='ocrx_word' id='word_1_316' title='bbox 587 3655 681 3707; x_wconf 79' lang='lat' dir='ltr'><strong>multon</strong></span> <span class='ocrx_word' id='word_1_317' title='bbox 706 3649 815 3708; x_wconf 61' lang='lat' dir='ltr'><strong>annos?</strong></span> <span class='ocrx_word' id='word_1_318' title='bbox 849 3654 1004 3726; x_wconf 86' lang='lat' dir='ltr'><strong>caniturque</strong></span> <span class='ocrx_word' id='word_1_319' title='bbox 1025 3655 1091 3709; x_wconf 88' lang='lat' dir='ltr'><strong>illud</strong></span> <span class='ocrx_word' id='word_1_320' title='bbox 1106 3655 1267 3728; x_wconf 77' lang='lat' dir='ltr'><strong>troparium,</strong></span> <span class='ocrx_word' id='word_1_321' title='bbox 1290 3657 1398 3728; x_wconf 85' lang='lat' dir='ltr'><strong>iterum,</strong></span> 
     </span>
     <span class='ocr_line' id='line_1_35' title="bbox 299 3717 1104 3792; baseline 0.004 -14"><span class='ocrx_word' id='word_1_322' title='bbox 299 3741 356 3778; x_wconf 89' lang='lat' dir='ltr'><strong>cnm</strong></span> <span class='ocrx_word' id='word_1_323' title='bbox 373 3723 437 3778; x_wconf 84' lang='lat' dir='ltr'><strong>illud</strong></span> <span class='ocrx_word' id='word_1_324' title='bbox 451 3717 540 3777; x_wconf 80' lang='lat' dir='ltr'><strong>“nunc</strong></span> <span class='ocrx_word' id='word_1_325' title='bbox 557 3729 585 3776; x_wconf 88' lang='lat' dir='ltr'><strong>et</strong></span> <span class='ocrx_word' id='word_1_326' title='bbox 601 3719 721 3792; x_wconf 82' lang='lat' dir='ltr'><strong>semper&#39;&#39;</strong></span> <span class='ocrx_word' id='word_1_327' title='bbox 735 3732 814 3778; x_wconf 81' lang='lat' dir='ltr'><strong>antea</strong></span> <span class='ocrx_word' id='word_1_328' title='bbox 830 3723 998 3788; x_wconf 82' lang='lat' dir='ltr'><strong>decantatum</strong></span> <span class='ocrx_word' id='word_1_329' title='bbox 1013 3725 1104 3781; x_wconf 77' lang='lat' dir='ltr'><strong>inerit.</strong></span> 
     </span>
    </p>

    <p class='ocr_par' dir='ltr' id='par_1_10' title="bbox 295 3791 1399 3986">
     <span class='ocr_line' id='line_1_36' title="bbox 365 3791 1398 3866; baseline 0.003 -21"><span class='ocrx_word' id='word_1_330' title='bbox 365 3793 482 3846; x_wconf 83' lang='lat' dir='ltr'><strong>Psalmoa</strong></span> <span class='ocrx_word' id='word_1_331' title='bbox 513 3792 635 3848; x_wconf 84' lang='lat' dir='ltr'><strong>horarum</strong></span> <span class='ocrx_word' id='word_1_332' title='bbox 664 3791 728 3860; x_wconf 84' lang='lat' dir='ltr'><strong>legit</strong></span> <span class='ocrx_word' id='word_1_333' title='bbox 756 3792 970 3862; x_wconf 84' lang='lat' dir='ltr'><strong>archidiaconua,</strong></span> <span class='ocrx_word' id='word_1_334' title='bbox 1001 3792 1166 3864; x_wconf 73' lang='lat' dir='ltr'><strong>prophetiam</strong></span> <span class='ocrx_word' id='word_1_335' title='bbox 1193 3799 1221 3848; x_wconf 86' lang='lat' dir='ltr'><strong>et</strong></span> <span class='ocrx_word' id='word_1_336' title='bbox 1249 3792 1398 3866; x_wconf 84' lang='lat' dir='ltr'><strong>apostolom</strong></span> 
     </span>
     <span class='ocr_line' id='line_1_37' title="bbox 295 3860 1399 3986; baseline 0.002 -70"><span class='ocrx_word' id='word_1_337' title='bbox 295 3860 542 3986; x_wconf 65' lang='lat' dir='ltr'><strong>plrotapootplariua.</strong></span> <span class='ocrx_word' id='word_1_338' title='bbox 578 3879 612 3915; x_wconf 85' lang='lat' dir='ltr'><strong>ox</strong></span> <span class='ocrx_word' id='word_1_339' title='bbox 629 3860 774 3930; x_wconf 79' lang='lat' dir='ltr'><strong>evangeliis</strong></span> <span class='ocrx_word' id='word_1_340' title='bbox 790 3863 899 3931; x_wconf 87' lang='lat' dir='ltr'><strong>primunr</strong></span> <span class='ocrx_word' id='word_1_341' title='bbox 916 3863 1020 3936; x_wconf 78' lang='lat' dir='ltr'><strong>qrridem</strong></span> <span class='ocrx_word' id='word_1_342' title='bbox 1036 3863 1101 3933; x_wconf 82' lang='lat' dir='ltr'><strong>legit</strong></span> <span class='ocrx_word' id='word_1_343' title='bbox 1113 3872 1274 3936; x_wconf 87' lang='lat' dir='ltr'><strong>protopapa,</strong></span> <span class='ocrx_word' id='word_1_344' title='bbox 1291 3863 1399 3934; x_wconf 85' lang='lat' dir='ltr'><strong>reliqua</strong></span> 
     </span>
    </p>

    <p class='ocr_par' dir='ltr' id='par_1_11' title="bbox 323 3933 519 3985">
     <span class='ocr_line' id='line_1_38' title="bbox 323 3933 519 3985; baseline -0.01 -2"><span class='ocrx_word' id='word_1_345' title='bbox 323 3933 343 3984; x_wconf 93' lang='lat' dir='ltr'><strong>ii</strong></span> <span class='ocrx_word' id='word_1_346' title='bbox 359 3949 434 3985; x_wconf 85' lang='lat' dir='ltr'><strong>sacer</strong></span> <span class='ocrx_word' id='word_1_347' title='bbox 453 3938 519 3984; x_wconf 78' lang='lat' dir='ltr'><strong>ctea&#39;.</strong></span> 
     </span>
    </p>

    <p class='ocr_par' dir='ltr' id='par_1_12' title="bbox 297 3997 1397 4421">
     <span class='ocr_line' id='line_1_39' title="bbox 364 3997 1397 4070; baseline 0.001 -18"><span class='ocrx_word' id='word_1_348' title='bbox 364 3999 462 4056; x_wconf 76' lang='lat' dir='ltr'>Finitis</span> <span class='ocrx_word' id='word_1_349' title='bbox 486 3997 574 4064; x_wconf 86' lang='lat' dir='ltr'><strong>horis,</strong></span> <span class='ocrx_word' id='word_1_350' title='bbox 599 3997 758 4070; x_wconf 74' lang='lat' dir='ltr'><strong>imperatore</strong></span> <span class='ocrx_word' id='word_1_351' title='bbox 779 4016 870 4054; x_wconf 80' lang='lat' dir='ltr'><strong>turano</strong></span> <span class='ocrx_word' id='word_1_352' title='bbox 893 4001 1005 4055; x_wconf 84' lang='lat' dir='ltr'><strong>abeunte</strong></span> <span class='ocrx_word' id='word_1_353' title='bbox 1029 4007 1057 4054; x_wconf 86' lang='lat' dir='ltr'><strong>et</strong></span> <span class='ocrx_word' id='word_1_354' title='bbox 1079 4005 1184 4055; x_wconf 81' lang='lat' dir='ltr'><strong>aauctaa</strong></span> <span class='ocrx_word' id='word_1_355' title='bbox 1200 4000 1326 4068; x_wconf 78' lang='lat' dir='ltr'><strong>imagines</strong></span> <span class='ocrx_word' id='word_1_356' title='bbox 1346 4017 1397 4053; x_wconf 86' lang='lat' dir='ltr'><strong>ax-</strong></span> 
     </span>
     <span class='ocr_line' id='line_1_40' title="bbox 299 4069 1397 4146; baseline 0 -25"><span class='ocrx_word' id='word_1_357' title='bbox 299 4069 432 4122; x_wconf 81' lang='lat' dir='ltr'><strong>oscnlante</strong></span> <span class='ocrx_word' id='word_1_358' title='bbox 448 4084 574 4136; x_wconf 85' lang='lat' dir='ltr'><strong>auumque</strong></span> <span class='ocrx_word' id='word_1_359' title='bbox 592 4069 717 4123; x_wconf 88' lang='lat' dir='ltr'><strong>conclavo</strong></span> <span class='ocrx_word' id='word_1_360' title='bbox 733 4075 885 4146; x_wconf 82' lang='lat' dir='ltr'><strong>repetente,</strong></span> <span class='ocrx_word' id='word_1_361' title='bbox 904 4069 1017 4124; x_wconf 88' lang='lat' dir='ltr'><strong>aolvitur</strong></span> <span class='ocrx_word' id='word_1_362' title='bbox 1033 4069 1227 4139; x_wconf 75' lang='lat' dir='ltr'><strong>circumstatio,</strong></span> <span class='ocrx_word' id='word_1_363' title='bbox 1245 4070 1328 4122; x_wconf 83' lang='lat' dir='ltr'><strong>donoc</strong></span> <span class='ocrx_word' id='word_1_364' title='bbox 1346 4070 1397 4122; x_wconf 86' lang='lat' dir='ltr'><strong>do-</strong></span> 
     </span>
     <span class='ocr_line' id='line_1_41' title="bbox 297 4137 1397 4210; baseline 0.001 -19"><span class='ocrx_word' id='word_1_365' title='bbox 297 4138 354 4191; x_wconf 88' lang='lat' dir='ltr'><strong>bita</strong></span> <span class='ocrx_word' id='word_1_366' title='bbox 370 4137 494 4206; x_wconf 83' lang='lat' dir='ltr'><strong>liturgiae</strong></span> <span class='ocrx_word' id='word_1_367' title='bbox 510 4137 577 4190; x_wconf 84' lang='lat' dir='ltr'><strong>hora</strong></span> <span class='ocrx_word' id='word_1_368' title='bbox 592 4137 739 4192; x_wconf 82' lang='lat' dir='ltr'><strong>advenerit.</strong></span> <span class='ocrx_word' id='word_1_369' title='bbox 774 4145 801 4190; x_wconf 88' lang='lat' dir='ltr'><strong>et</strong></span> <span class='ocrx_word' id='word_1_370' title='bbox 818 4146 881 4192; x_wconf 88' lang='lat' dir='ltr'><strong>tunc</strong></span> <span class='ocrx_word' id='word_1_371' title='bbox 900 4138 1045 4210; x_wconf 81' lang='lat' dir='ltr'><strong>psalluntur</strong></span> <span class='ocrx_word' id='word_1_372' title='bbox 1059 4157 1197 4210; x_wconf 80' lang='lat' dir='ltr'><strong>vesperae.</strong></span> <span class='ocrx_word' id='word_1_373' title='bbox 1233 4145 1260 4192; x_wconf 87' lang='lat' dir='ltr'><strong>et</strong></span> <span class='ocrx_word' id='word_1_374' title='bbox 1281 4137 1332 4191; x_wconf 88' lang='lat' dir='ltr'><strong>hoc</strong></span> <span class='ocrx_word' id='word_1_375' title='bbox 1355 4137 1397 4192; x_wconf 78' lang='lat' dir='ltr'><strong>ita</strong></span> 
     </span>
     <span class='ocr_line' id='line_1_42' title="bbox 298 4206 1396 4278; baseline 0.002 -20"><span class='ocrx_word' id='word_1_376' title='bbox 298 4207 344 4275; x_wconf 80' lang='lat' dir='ltr'><strong>fit,</strong></span> <span class='ocrx_word' id='word_1_377' title='bbox 363 4207 387 4260; x_wconf 81' lang='lat' dir='ltr'><strong>oi</strong></span> <span class='ocrx_word' id='word_1_378' title='bbox 403 4207 497 4260; x_wconf 82' lang='lat' dir='ltr'><strong>sestam</strong></span> <span class='ocrx_word' id='word_1_379' title='bbox 513 4206 542 4258; x_wconf 92' lang='lat' dir='ltr'><strong>in</strong></span> <span class='ocrx_word' id='word_1_380' title='bbox 559 4206 638 4260; x_wconf 85' lang='lat' dir='ltr'><strong>aliurn</strong></span> <span class='ocrx_word' id='word_1_381' title='bbox 654 4207 817 4278; x_wconf 75' lang='lat' dir='ltr'><strong>septimanae</strong></span> <span class='ocrx_word' id='word_1_382' title='bbox 834 4207 902 4261; x_wconf 83' lang='lat' dir='ltr'><strong>diem</strong></span> <span class='ocrx_word' id='word_1_383' title='bbox 920 4207 1029 4262; x_wconf 83' lang='lat' dir='ltr'><strong>incidat.</strong></span> <span class='ocrx_word' id='word_1_384' title='bbox 1063 4209 1088 4262; x_wconf 80' lang='lat' dir='ltr'><strong>ai</strong></span> <span class='ocrx_word' id='word_1_385' title='bbox 1103 4226 1167 4262; x_wconf 84' lang='lat' dir='ltr'><strong>voro</strong></span> <span class='ocrx_word' id='word_1_386' title='bbox 1185 4209 1280 4261; x_wconf 81' lang='lat' dir='ltr'><strong>tastum</strong></span> <span class='ocrx_word' id='word_1_387' title='bbox 1292 4207 1320 4260; x_wconf 90' lang='lat' dir='ltr'><strong>in</strong></span> <span class='ocrx_word' id='word_1_388' title='bbox 1332 4209 1396 4260; x_wconf 83' lang='lat' dir='ltr'><strong>aab·</strong></span> 
     </span>
     <span class='ocr_line' id='line_1_43' title="bbox 297 4275 1395 4347; baseline 0 -17"><span class='ocrx_word' id='word_1_389' title='bbox 297 4279 386 4331; x_wconf 88' lang='lat' dir='ltr'><strong>batum</strong></span> <span class='ocrx_word' id='word_1_390' title='bbox 403 4283 450 4330; x_wconf 89' lang='lat' dir='ltr'><strong>ant</strong></span> <span class='ocrx_word' id='word_1_391' title='bbox 469 4276 623 4330; x_wconf 80' lang='lat' dir='ltr'><strong>dominicam</strong></span> <span class='ocrx_word' id='word_1_392' title='bbox 640 4276 708 4330; x_wconf 86' lang='lat' dir='ltr'><strong>diam</strong></span> <span class='ocrx_word' id='word_1_393' title='bbox 723 4275 863 4346; x_wconf 87' lang='lat' dir='ltr'><strong>inciderit,</strong></span> <span class='ocrx_word' id='word_1_394' title='bbox 890 4293 947 4330; x_wconf 88' lang='lat' dir='ltr'><strong>cunr</strong></span> <span class='ocrx_word' id='word_1_395' title='bbox 973 4277 1054 4331; x_wconf 86' lang='lat' dir='ltr'><strong>horae</strong></span> <span class='ocrx_word' id='word_1_396' title='bbox 1071 4285 1098 4332; x_wconf 85' lang='lat' dir='ltr'><strong>et</strong></span> <span class='ocrx_word' id='word_1_397' title='bbox 1114 4277 1233 4347; x_wconf 83' lang='lat' dir='ltr'><strong>tropario</strong></span> <span class='ocrx_word' id='word_1_398' title='bbox 1250 4275 1395 4332; x_wconf 80' lang='lat' dir='ltr'><strong>concinun-</strong></span> 
     </span>
     <span class='ocr_line' id='line_1_44' title="bbox 298 4344 1395 4421; baseline 0 -21"><span class='ocrx_word' id='word_1_399' title='bbox 298 4354 356 4414; x_wconf 85' lang='lat' dir='ltr'><strong>tur,</strong></span> <span class='ocrx_word' id='word_1_400' title='bbox 380 4346 456 4402; x_wconf 84' lang='lat' dir='ltr'><strong>adeat</strong></span> <span class='ocrx_word' id='word_1_401' title='bbox 471 4346 576 4417; x_wconf 85' lang='lat' dir='ltr'><strong>quidem</strong></span> <span class='ocrx_word' id='word_1_402' title='bbox 592 4347 747 4420; x_wconf 85' lang='lat' dir='ltr'><strong>imperator,</strong></span> <span class='ocrx_word' id='word_1_403' title='bbox 771 4345 819 4403; x_wconf 82' lang='lat' dir='ltr'><strong>aed</strong></span> <span class='ocrx_word' id='word_1_404' title='bbox 835 4363 888 4402; x_wconf 90' lang='lat' dir='ltr'><strong>nou</strong></span> <span class='ocrx_word' id='word_1_405' title='bbox 902 4346 931 4404; x_wconf 91' lang='lat' dir='ltr'><strong>in</strong></span> <span class='ocrx_word' id='word_1_406' title='bbox 946 4344 1068 4421; x_wconf 80' lang='lat' dir='ltr'><strong>liturgia,</strong></span> <span class='ocrx_word' id='word_1_407' title='bbox 1091 4364 1158 4421; x_wconf 85' lang='lat' dir='ltr'><strong>quaa</strong></span> <span class='ocrx_word' id='word_1_408' title='bbox 1175 4345 1297 4417; x_wconf 79' lang='lat' dir='ltr'><strong>privatim</strong></span> <span class='ocrx_word' id='word_1_409' title='bbox 1315 4363 1395 4416; x_wconf 83' lang='lat' dir='ltr'><strong>pora-</strong></span> 
     </span>
    </p>
   </div>
   <div class='ocr_carea' id='block_1_5' title="bbox 0 0 1530 4920">
    <p class='ocr_par' dir='ltr' id='par_1_13' title="bbox 0 0 1530 4920">
     <span class='ocr_line' id='line_1_45' title="bbox 0 0 1530 4920; baseline 0 0"><span class='ocrx_word' id='word_1_410' title='bbox 0 0 1530 4920; x_wconf 95' lang='lat' dir='ltr'><strong> </strong></span> 
     </span>
    </p>
   </div>
  </div>
 </body>
</html>
