3016 4906
264 273 339 342 360
428 270 636 340 GRETSERI
649 269 704 336 ET
718 267 850 338 GOARI
862 264 1191 338 COMMENTARIUS

263 436 351 486 narrat
366 431 432 486 idem
454 431 604 486 Michaelem
628 427 966 500 coropalatamNicephori
990 417 1165 497 generom'lr
1188 427 1230 501 τῷ
1254 421 1361 499 άμβανι

264 504 314 570 τῆς
330 497 449 570 μεγάλης
466 497 608 569 ἐκκλησίας
622 495 678 552 dard
697 494 865 567 Νικηφόρον
877 493 1051 565 πατριάρχου
1063 495 1233 565 στεφθῆναι.
1249 497 1360 550 Michael

266 570 404 639 imperator
420 571 503 624 lactus
519 571 560 641 τῷ
584 566 683 639 πράτφ
705 564 759 622 ἔτει
775 568 824 634 τῆς
841 565 979 638 βασιλείας
995 561 1083 619 αὐτοῦ
1102 563 1215 633 ἔστεψεν
1230 561 1281 620 τόν
1296 562 1360 620 υἱόν

266 634 355 692 calcari
380 635 593 707 Θεοφάλακτον,
615 637 651 692 ait
675 636 719 706 qui
734 644 839 706 putatur
863 636 917 688 Leo
937 634 1125 688 Grammaticus
1142 635 1170 688 in
1194 634 1285 702 Regiis
1300 651 1358 704 mss.

266 708 310 776 qui
322 707 413 760 deinde
429 709 454 760 in
471 706 527 760 aliis
543 714 628 760 certus
648 712 701 768 est,
719 704 751 760 de
766 705 884 760 Armenio
902 704 991 758 Leone
1008 703 1112 756 scribite
1138 698 1218 758 Λέων
1240 697 1256 756 d
1271 699 1358 768 Ἀρμέ-

263 794 325 838 νιος
345 771 361 829 ὁ
384 774 550 846 παραβάτης
574 769 747 846 ίβασίλευσεν
772 769 820 842 ἔτη
845 765 915 828 έπτά
937 773 1027 842 μῆνας
1047 767 1130 826 πέντε
1151 768 1283 840 στεφθελς
1304 767 1359 826 dard

265 839 434 912 Νικηφόρον
450 841 633 914 πατριάρχου.
669 842 781 897 Michael
797 841 892 910 Balbus
909 842 992 896 occiso
1016 841 1106 895 Leone
1122 836 1193 909 πρός
1209 835 1258 895 cdv
1276 837 1360 909 μέγαν

265 914 315 981 τῆς
331 909 411 982 άχίας
427 914 538 980 Σοφίας
554 908 627 968 ναόν
647 907 854 980 προελήλυθεν,
871 910 954 980 inquit
970 909 1117 974 cedrenus,
1139 907 1210 978 χειρὶ
1232 910 1284 962 τοῦ
1308 927 1360 962 πα-

265 978 399 1051 τριάρχου
425 984 582 1050 πεφθῆναι
606 977 781 1052 βουλόμενος.
809 969 846 1048 ἦν
863 975 902 1051 δέ
928 973 1006 1051 odaei
1027 983 1095 1041 παῖς
1115 971 1144 1044 ίξ
1168 972 1361 1046 Εόφροσόνης,

231 1071 237 1084 ’
265 1061 374 1104 testatur
391 1053 594 1116 Grammaticus,
611 1046 727 1120 ὀνόματι
747 1046 898 1118 Θεόφιλος,
914 1043 949 1102 δν
965 1045 1014 1102 καλ
1030 1043 1144 1114 ἔστεψεν
1158 1039 1189 1103 έν
1205 1047 1241 1117 τῇ
1257 1043 1359 1116 μεγάλη

265 1114 402 1189 ἐκκλησίᾳ.
437 1120 548 1173 Michael
563 1119 632 1173 filias
649 1119 733 1190 (cuius
754 1135 829 1172 manu
845 1116 923 1170 luerit
942 1117 1000 1186 ipae
1016 1122 1154 1169 coronatus
1173 1115 1295 1168 historiae
1312 1133 1360 1168 non

265 1189 390 1260 produnt)
408 1189 528 1242 Basiliam
545 1188 714 1242 accubitorem
732 1187 796 1240 adeo
813 1187 917 1240 solemni
933 1187 984 1239 ritu
1008 1185 1143 1238 coronavit
1159 1185 1186 1236 in
1203 1185 1232 1238 S.
1251 1185 1361 1253 Sophiae

265 1259 373 1310 ambone
396 1269 425 1310 ut
447 1258 523 1310 mirus
547 1257 629 1326 aec'pue
654 1273 686 1310 ac
710 1257 825 1310 insuetus
845 1255 978 1308 videaturr
996 1255 1029 1307 de
1044 1255 1087 1306 illo
1104 1253 1215 1306 nonnihil
1231 1253 1361 1324 superiora

266 1332 335 1379 nota.
359 1328 469 1380 Leonem
492 1327 523 1378 F.
549 1326 726 1380 datacorona
753 1341 802 1376 non
826 1324 911 1376 evexit
933 1323 967 1376 ad
990 1323 1121 1393 imperium
1139 1322 1261 1374 basiliusr
1279 1323 1315 1391 τῇ
1330 1317 1361 1374 δέ

265 1389 357 1467 ἡμέρα
374 1396 424 1463 τῆς
438 1395 624 1463 πεντηκοστῆς
644 1390 737 1462 στέφει
759 1389 838 1446 Λέων
855 1387 871 1446 ό
893 1387 1016 1463 βασιλεὺς
1031 1388 1082 1446 τόν
1098 1385 1162 1444 cido
1180 1385 1270 1444 αότοῦ
1285 1391 1362 1443 Κων-

266 1467 414 1517 σταντίνον
439 1457 474 1514 δι’
500 1457 648 1531 Εόθυμίον
670 1457 853 1529 πατριάρχου.
886 1478 1007 1515 coronem
1033 1459 1170 1515 Alexandri
1194 1476 1251 1512 cum
1272 1467 1362 1528 nepote

267 1533 434 1584 Constantino
458 1531 513 1582 solo
533 1549 599 1583 anno
623 1531 753 1600 regnantia
778 1536 865 1582 tacent
894 1530 1027 1584 historiae.
1061 1530 1191 1583 Romanus
1214 1528 1362 1599 Leoapeaua

267 1600 429 1652 Constantini
450 1600 523 1652 huius
546 1617 620 1652 socer
643 1600 683 1670 τῷ
704 1600 753 1668 τῆς
784 1597 922 1669 βασιλείας
950 1595 1079 1666 στέφεται
1102 1592 1256 1666 διαδήματι
1286 1590 1362 1664 παρά

268 1667 482 1721 Κωνσταντίνου
502 1665 632 1738 βασιλέως
648 1665 696 1721 καὶ
718 1665 864 1722 Νικολάου
885 1665 1069 1736 πατριάρχου.
1094 1666 1294 1734 Christopborua
1310 1666 1363 1719 Ro·

270 1738 338 1789 mani
349 1737 371 1790 F
383 1733 512 1805 στέφεται
522 1733 600 1804 παρά
611 1736 824 1791 Κανσταντίνου
838 1733 978 1807 βασιλέως.
1003 1737 1131 1789 Romanoa
1149 1734 1240 1788 iterum
1253 1731 1363 1802 ἔστεψεν

268 1800 430 1868 audacioris
447 1801 535 1858 αὐτοῦ
551 1799 581 1859 έν
597 1808 633 1877 τῇ
651 1807 702 1859 τοῦ
718 1806 792 1859 θεοῦ
813 1802 918 1876 μεχάλη
936 1799 1078 1876 ἐκκλησία,
1104 1799 1254 1872 Στέφανόν
1271 1800 1363 1857 τεκαὶ

266 1878 490 1932 Κανσταντίνον.
508 1876 623 1928 Romano
640 1876 693 1928 filio
716 1875 897 1928 Constantinus
914 1873 1007 1927 Leonis
1023 1873 1153 1944 Sapientia
1171 1872 1364 1939 saepesaepe

268 1941 408 2011 διάδημα,
436 1944 560 2012 scriptore
583 1945 717 2010 cedreno,
740 1941 900 2005 τελέσαντες
925 1940 961 2011 δὴ
987 1937 1038 2004 τάς
1063 1937 1145 2010 εόχάς
1165 1937 1363 2008 Θεοφυλάκτοα

267 2014 321 2065 τοῦ
335 2009 519 2080 πατριάρχου.
538 2013 669 2066 Romanoa
690 2007 783 2079 στέφει
808 2007 858 2065 τόν
882 2006 947 2064 olda
972 2007 1059 2064 cultori
1082 2010 1227 2064 Βασίλειον
1252 2004 1364 2081 βασιλέα

268 2075 319 2133 διά
345 2082 442 2146 χειρῶν
459 2077 636 2135 Πολυεύκτου
660 2081 711 2134 τοῦ
734 2077 918 2148 πατριάρχου.
949 2079 990 2132 hic
1013 2081 1170 2149 Polyeuctua
1191 2079 1364 2148 Nrcephorum

267 2147 429 2200 invadentem
452 2149 612 2216 tyrannidem
635 2145 729 2216 στέφει
751 2143 782 2203 έν
802 2150 844 2220 τῷ
865 2143 976 2219 άμβωνι
998 2150 1048 2216 τῆς
1070 2144 1189 2216 μεγάλης
1212 2141 1362 2216 ἐκκλησίας.

268 2219 400 2284 hucusque
424 2234 505 2286 aequa
529 2217 612 2270 labori
635 2236 698 2270 cura
720 2219 753 2270 da
780 2216 975 2288 imperatoribus
998 2221 1041 2272 vel
1065 2215 1215 2286 patriarchis
1237 2216 1264 2268 in
1289 2232 1363 2268 uuum

267 2285 416 2348 coniuncta,
434 2287 476 2338 vel
492 2289 647 2356 separatim,
663 2305 742 2357 opere
759 2288 857 2357 posita,
882 2286 988 2340 aliorum
1005 2287 1146 2357 principum
1164 2285 1250 2354 capita
1266 2285 1364 2338 coronis

269 2353 393 2423 impositis
413 2355 569 2410 ornantibus.
587 2363 702 2410 caeteros
719 2355 867 2410 recensendi
886 2355 993 2410 animum
1010 2357 1059 2425 ipsi
1083 2355 1213 2418 historici,
1240 2355 1274 2408 ob
1293 2371 1365 2406 coro·

269 2424 385 2476 nationes
402 2424 577 2479 nonnullorum
594 2426 769 2494 sequentium,
786 2425 890 2478 loannis
906 2425 1043 2489 Zemiacis,
1067 2422 1229 2477 Constantini
1246 2424 1365 2492 Porphy-

268 2493 393 2560 roganti,
411 2494 518 2545 Romani
530 2495 639 2562 Argyri‚
663 2495 795 2563 utriusque
811 2494 947 2548 Michaelis
963 2493 1134 2566 Paphlagonis
1160 2498 1187 2546 et
1208 2492 1364 2564 Calapbataa

268 2568 318 2618 etc
336 2563 369 2614 ab
386 2560 449 2632 ipsis
467 2563 568 2618 silentio
586 2565 794 2634 praetermissas,
811 2563 970 2619 ademerunt.

338 2681 364 2734 p.
377 2665 413 2734 90
428 2682 454 2716 r.
466 2665 510 2722 21.
526 2659 617 2734 ἄξιος]
636 2665 697 2734 ρυλε
712 2665 784 2738 ’μεῖνε
802 2659 880 2735 άχιος
898 2663 1069 2718 denuntiatus.

338 2765 373 2818 ib.
391 2784 417 2820 τ.
430 2769 472 2824 22.
489 2763 575 2836 μόνος
592 2763 608 2820 δ
624 2763 807 2838 πατριάρχης]
837 2768 901 2820 adeo
924 2767 994 2822 solua
1010 2765 1178 2886 imperatores
1197 2771 1304 2820 coronat
1319 2781 1365 2835 pa·

269 2832 381 2886 triarcha
406 2842 436 2887 ut
455 2836 488 2888 ab
513 2836 633 2907 episcopo
655 2837 720 2907 λιτρῖ
744 2845 772 2888 et
794 2836 901 2908 simplici
923 2837 1019 2888 nollent
1041 2834 1077 2886 ili
1100 2851 1219 2890 coronam
1243 2837 1365 2904 accipere.

268 2902 368 2955 videbis
384 2904 484 2970 quidem
501 2905 642 2958 Manualem
661 2905 973 2958 Comnennmeiusvitae
991 2905 1040 2961 1.1
1059 2904 1146 2957 θῦσαι
1163 2901 1197 2958 τά
1216 2899 1365 2974 άναχορευ·

267 2969 353 3038 πήρια
369 2972 431 3040 θεῷ
447 2970 494 3024 καλ
512 2970 686 3042 ίπιβατηρια.
706 2983 734 3026 at
751 2975 813 3042 quia
828 2982 956 3043 sceptrum
981 2973 1128 3043 patriarcha
1152 2972 1274 3026 defuncto
1300 2971 1365 3026 obti-

270 3049 360 3108 gerat,
384 3035 547 3109 σκέπτετατ,
568 3042 605 3094 ait
628 3042 753 3108 Nicetes,
776 3041 841 3109 περὶ
864 3044 916 3096 τοό
938 3037 1131 3104 ταινιάσοντος
1148 3037 1237 3097 αότδν
1253 3037 1301 3096 lori
1315 3035 1365 3094 νεά

267 3109 369 3173 κυρίου
385 3111 425 3174 τῷ
442 3104 667 3178 αότοκρατορικηί
688 3107 889 3179 στεφανώματι.
906 3111 966 3164 vide
982 3129 1049 3181 quae
1064 3111 1181 3164 diffusius
1199 3113 1233 3164 de
1250 3119 1366 3180 suscepta

268 3193 365 3228 corona
382 3177 560 3245 adiunguntur.
585 3179 676 3232 detulit
693 3180 741 3232 boc
760 3181 909 3249 obsequium
931 3181 1071 3234 Theodora
1089 3181 1218 3235 Comneno
1236 3179 1366 3248 Balgatiaa

269 3245 494 3316 archiepiscopus,
520 3265 608 3302 verum
634 3265 681 3302 ceu
705 3250 876 3316 patriarcham
900 3267 930 3302 se
953 3265 1044 3317 gerens
1070 3257 1098 3302 et
1122 3251 1184 3302 nulli
1206 3250 1366 3320 patriarchae

272 3313 421 3368 inferiorem
438 3331 467 3368 ae
483 3317 595 3371 iactans:
617 3313 633 3370 δ
651 3312 683 3370 δέ
703 3317 874 3386 Βουλχαρίας
888 3313 1101 3388 άρχιεπίσκοπος
1118 3313 1151 3371 τό
1170 3314 1311 3388 βασιλικόν
1321 3333 1366 3368 πε·

273 3381 396 3467 ρρτίθησι
414 3385 504 3451 σχῆμα
515 3385 564 3438 καλ
580 3381 720 3455 διάδημα,
744 3382 780 3448 ὡς
799 3383 933 3454 ἔφασκεν,
956 3382 1110 3454 αότόνομος
1135 3379 1174 3439 aiv
1198 3385 1248 3440 καλ
1266 3380 1366 3470 μηδενί

272 3454 396 3513 ευθννας
414 3447 534 3518 ὀφείλων
558 3452 686 3522 διδόναι,
710 3455 759 3508 καλ
776 3454 824 3508 διά
840 3456 924 3510 τοῦτο
943 3450 1014 3524 ἔχειν
1031 3449 1159 3520 ἐξουσίαν
1178 3455 1291 3526 βασιλεα
1308 3448 1364 3507 στέ-

269 3537 353 3586 φειν.Ι
368 3521 432 3573 haec
448 3522 587 3588 logotheta.
623 3525 817 3578 cantacuzenua
834 3524 867 3576 de
888 3542 918 3578 se
939 3532 1026 3578 narrat
1049 3527 1117 3580 527
1134 3527 1241 3578 absente
1257 3525 1366 3594 patriar-

269 3591 318 3640 che
334 3589 548 3654 Thessalonicae,
565 3589 609 3643 ubi
622 3595 738 3648 sumebat
748 3594 909 3661 imperatoris
919 3593 1045 3662 insignia,
1061 3589 1111 3648 τόν
1124 3589 1267 3665 βασιλικόν
1277 3595 1367 3658 πῖλον,

270 3652 326 3717 πρό
343 3659 394 3727 τῆς
411 3655 552 3727 άχράντον
570 3657 618 3714 καί
636 3662 810 3730 θεομήτορος
826 3663 876 3732 τῆς
895 3659 1006 3723 εἰκόνος
1026 3662 1152 3733 κείμενον
1169 3655 1212 3718 ἐπ’
1236 3656 1367 3730 ἐδάφους,

239 3784 241 3790 ,
271 3723 431 3800 αὐτοχειρίᾳ
449 3725 571 3799 λαβόντα
589 3723 674 3783 αὐτὸν
692 3723 835 3784 ἐπιθεῖναι
851 3732 886 3802 τῇ
902 3731 1020 3801 κεφαλῇ.

355 3837 384 3894 p.
399 3820 439 3883 91
454 3837 479 3876 v.
492 3821 521 3880 6.
537 3817 632 3876 Iunius
645 3820 730 3876 etiam
741 3821 867 3882 σωλείαν
881 3827 910 3878 et
927 3819 1035 3884 συλίαν
1050 3822 1179 3900 adducit,
1195 3822 1366 3880 nesciorum

272 3918 306 3958 ex
319 3921 375 3960 mss
389 3903 545 3975 codicibus3
565 3909 594 3962 et
612 3904 812 3981 interpretatur
827 3907 932 3966 εοίεαικ.
953 3907 1054 3965 rectius
1067 3908 1179 3978 soleam,
1193 3926 1257 3964 cum
1277 3911 1366 3964 rectus
1389 3963 1412 3972 „

271 3984 310 4042 sit
324 3987 342 4046 ό
357 3988 475 4061 celiae,
490 3990 595 4066 primae
605 3989 807 4068 declinationis,
819 3992 877 4049 sive
887 4011 905 4050 a
914 3991 973 4050 sole
982 3992 1036 4064 hoc
1050 4013 1152 4052 nomen
1162 3993 1315 4052 derivatum
1331 3989 1367 4046 sit

205 4084 206 4090 ¹
272 4070 347 4146 (erat
359 4074 433 4130 enim
443 4073 520 4132 locus
532 4075 581 4149 qui
596 4076 833 4134 dicebaturaoleas
843 4079 882 4136 ad
896 4078 1031 4136 orientem
1041 4078 1138 4155 solem,
1153 4079 1302 4154 contiguus
1314 4063 1367 4155 βη’-

272 4175 341 4232 ματι
356 4169 405 4213 seu
416 4158 610 4232 tabernacu103
622 4166 661 4241 'ut
679 4159 768 4236 liquet
780 4180 814 4218 ex
832 4163 1006 4242 Curopalata
1021 4183 1043 4222 c.
1066 4166 1105 4226 17
1121 4183 1149 4241 p.
1168 4162 1208 4226 94
1223 4182 1248 4221 v.
1262 4159 1298 4220 9:
1320 4155 1368 4239 μό-

272 4248 326 4312 νος
341 4237 374 4302 δέ
394 4239 413 4303 ό
419 4277 422 4283 ·
427 4241 566 4334 desolaris
580 4241 768 4328 διερχόμενος
781 4243 832 4310 τόν
847 4248 960 4311 σαλέαν
978 4246 1106 4332 εάρίσκει
1119 4244 1172 4311 τόν
1184 4243 1368 4328 πατριάρχην
