3034 4916
209 261 217 282 “⁵
273 311 350 384 son
432 307 642 380 enrnsnm
656 307 713 376 rm
726 307 858 376 eoam
876 307 1211 394 conmonuemus

267 477 344 556 bnt,
364 482 620 558 quemquepoeten
643 471 981 554 religioseparticulntim
1000 474 1201 552 comedebant,
1219 477 1313 556 verrit,
1332 477 1374 538 ln·

266 581 372 640 qnnm,
394 567 533 642 pnnnge'ne
546 579 658 624 nomen.
699 560 811 620 transiit
825 566 920 621 auton
938 562 1062 640 pasnagia
1082 560 1166 621 etiam
1185 563 1224 621 nd
1237 565 1375 642 posterio-

265 667 317 709 res
340 650 473 708 Graecos.

338 730 388 784 Dei
411 723 577 798 psalmicen,
603 743 652 781 ceu
676 743 711 782 ex
729 725 798 780 omni
818 730 894 795 parte
918 732 1033 781 rencmm
1057 731 1085 780 et
1100 731 1249 782 nucarum
1267 727 1375 782 omnium

165 851 170 862 ,
272 798 468 865 sanctissimam,
500 793 741 865 durnoopcorosoie
769 795 882 850 Graecia
906 797 1049 864 aureolus
1072 813 1107 850 ex
1129 813 1203 850 more
1233 805 1372 867 nuncupet.

268 866 407 922 buccellam
425 883 527 938 quoque
546 866 618 936 panis
635 873 706 918 certo
723 862 777 916 ritu
795 862 821 915 in
839 881 941 919 mensae
957 864 1009 918 line
1029 864 1209 920 comedendam
1223 865 1314 920 eodem
1327 884 1376 920 no·

266 935 336 991 'mina
358 935 500 1004 reonpiao
523 935 569 990 rell
588 935 667 988 ‘osior
683 939 762 987 vocat
782 947 856 987 usura
880 947 928 986 var
946 942 1029 987 eutem
1046 934 1072 987 in
1089 951 1140 1004 quo
1159 934 1309 988 reconditur
1333 936 1375 989 vel

269 998 1301 1142 tlltittttflt'ibideutltttt'siltt‘ttlltlte
1315 1021 1376 1144 tl.

272 1143 378 1198 fioiuutr
404 1161 455 1214 qua
471 1111 691 1214 ratione'expleat
710 1140 864 1212 imperator,
885 1147 1066 1196 commonstrat
1079 1149 1169 1196 auctor
1187 1148 1276 1196 nomm
1291 1142 1318 1196 in
1333 1159 1377 1196 ae·

293 1211 428 1277 uentibus,
452 1213 589 1268 monachor
610 1229 641 1267 ea
663 1228 692 1264 se
713 1209 850 1264 devotione
873 1218 1023 1266 exercentes
1045 1209 1169 1264 describit
1192 1211 1377 1264 eruditissimus

270 1231 383 1335 dilectius
404 1282 436 1336 de
459 1283 504 1336 lib.
530 1281 603 1334 Ecol.
622 1281 736 1334 Graeco.
756 1280 884 1334 dissertet.
908 1280 980 1334 this
997 1279 1084 1333 verbio
1105 1279 1180 1349 “quie
1202 1281 1238 1334 eit
1256 1281 1377 1334 Graeco-

270 1364 330 1403 rum
352 1350 404 1404 iate
426 1351 491 1404 ritus
513 1350 601 1420 pancio
623 1349 772 1420 expediam,
796 1355 826 1402 ut
848 1349 891 1470 spui
910 1353 951 1401 tot
967 1364 1048 1418 ungas
1063 1348 1091 1402 in
1108 1349 1216 1402 medium
1231 1351 1377 1420 proterunt,

271 1419 323 1473 hm
336 1417 455 1473 desinant
467 1421 510 1473 ine
527 1420 584 1476 tire.
610 1425 745 1488 antequem
768 1417 933 1470 monacile
955 1432 1067 1472 menum
1090 1417 1249 1488 procedant,
1275 1420 1331 1489 (cui
1349 1419 1376 1472 id

272 1505 339 1542 onus
353 1488 491 1556 incumbit,
513 1484 719 1557 rilidmnpe'pcoo
738 1487 843 1554 vocant)
867 1487 891 1540 in
917 1485 1062 1540 diocesin
1085 1487 1193 1540 scutella
1208 1486 1259 1555 (illi
1280 1505 1377 1542 nuncn-

271 1565 335 1628 pant
354 1554 554 1626 receperimus)
581 1575 643 1611 acce
661 1561 713 1609 ium
739 1572 830 1626 panem
852 1555 884 1608 ad
902 1555 984 1610 instar
1002 1554 1085 1609 crucia
1103 1555 1130 1608 in
1145 1564 1270 1625 quattuor
1285 1557 1378 1611 dividit

270 1634 360 1698 partes
377 1628 515 1696 aequales,
534 1644 567 1680 ex
584 1576 678 1695 sapido
701 1624 817 1678 interiori
840 1624 913 1696 panis
935 1621 1061 1678 abscindit
1084 1625 1192 1678 frustum
1214 1625 1298 1678 cultro
1325 1626 1378 1679 cir-

264 1695 397 1756 cumiens,
416 1695 480 1748 adeo
498 1703 529 1748 ut
545 1713 577 1749 ex
593 1712 645 1749 nna
662 1700 736 1764 parte
753 1694 839 1763 nurguli
864 1691 1020 1746 acuminatos
1036 1694 1086 1760 eit,
1107 1710 1140 1748 ex
1157 1694 1240 1748 altero
1258 1693 1377 1748 circulari

267 1764 356 1834 ligura
374 1764 491 1834 trigonus
507 1765 672 1834 imperfectus
696 1770 836 1846 appareat3
859 1770 887 1816 et
908 1761 946 1815 sic
969 1762 1080 1816 acinum
1105 1779 1151 1815 suo
1171 1763 1230 1818 loco
1251 1779 1303 1816 une
1319 1779 1377 1818 com

267 1833 369 1916 reliquo
392 1849 460 1904 pene
483 1834 558 1888 simul
580 1834 651 1888 unito
676 1832 806 1902 rebnquit.
836 1849 928 1901 penem
945 1831 983 1885 sic
1001 1832 1217 1886 accommodatum
1234 1833 1285 1886 alia
1302 1841 1378 1904 parte

270 1899 334 1956 discr
352 1903 531 1972 coeperitne
548 1903 614 1956 enim
630 1901 716 1954 discus
732 1901 775 1956 ille
792 1907 954 1972 comparatur
976 1900 1080 1954 cardine
1104 1917 1136 1954 ex
1153 1917 1204 1954 une
1227 1909 1304 1972 parte
1320 1919 1377 1956 com

269 1973 410 2041 superioris
428 1972 510 2043 partis
527 1971 601 2026 oculo
626 1970 777 2038 colligatus,
802 1975 833 2021 ut
849 1969 923 2022 modo
941 1986 1076 2040 capsarum
1092 1968 1253 2037 includatur,
1272 1970 1312 2024 ein
1330 1971 1377 2025 mi-

268 2055 317 2094 nus
332 2041 399 2094 velo.
417 2048 445 2093 et
456 2041 494 2093 sic
511 2040 619 2124 apponit
642 2039 789 2107 inmensa,
808 2035 834 2090 iu
852 2055 903 2109 qua
919 2038 991 2092 solus
1009 2039 1089 2093 abbae
1113 2035 1158 2094 vel
1180 2051 1376 2109 proegnmeuor,

266 2109 313 2176 uni
330 2110 428 2162 scilieet
444 2110 546 2162 abbatie
562 2122 667 2162 munere
682 2115 760 2162 autea
779 2107 916 2160 deiunctae
931 2108 1031 2176 inerat,
1056 2111 1098 2160 vel
1115 2108 1159 2178 qni
1184 2109 1300 2173 abbatie,
1317 2110 1376 2164 dum

266 2175 814 2244 utemnt,1ccumtenee„etomeseo
832 2175 979 2248 appellant,
1004 2175 1107 2232 arridet
1127 2177 1199 2230 finito
1248 2178 1325 2231 andin
1349 2186 1377 2232 at

266 2245 344 2314 signo¹
359 2247 420 2302 dato
437 2247 464 2300 in
485 2247 571 2300 contio
595 2247 648 2316 (ita
669 2243 719 2316 ipsi
745 2253 839 2299 vocent
861 2245 1036 2315 campanulum
1060 2263 1093 2300 ex
1116 2261 1177 2300 aere
1193 2249 1220 2300 la
1237 2249 1376 2318 relectam)

267 2332 355 2368 omnes
373 2311 520 2386 morgunt,
537 2323 565 2369 et
582 2313 713 2386 conceptis
729 2315 850 2384 precibus
873 2314 968 2368 diacum
985 2313 1056 2368 illum
1072 2331 1129 2367 cum
1146 2331 1224 2398 pene,
1242 2317 1287 2386 qui
1303 2335 1375 2370 m

264 2383 722 2526 lilttitstlilttttltt¹lr
736 2383 1375 2525 ltt‘ltlttstitttlffl{ittet‚iti-⁰

1076 2491 1083 2516 Ι

263 2523 312 2592 qni
336 2524 455 2578 extremis
479 2523 568 2594 digitis
590 2524 706 2578 miculam
733 2522 824 2593 arripit
848 2529 876 2578 et
902 2471 950 2574 ord
964 2521 1109 2592 impositam
1131 2523 1257 2589 absumit3
1282 2493 1377 2579 deinde,

265 2595 326 2648 aliie
342 2593 471 2648 monacbis
487 2603 591 2648 servato
608 2593 699 2648 ordine
716 2592 839 2657 offertur,
857 2591 902 2662 qui
919 2591 1008 2644 eodem
1026 2591 1101 2645 modo
1120 2591 1237 2645 miculam
1249 2611 1283 2647 ex
1293 2611 1373 2666 pana·

267 2661 350 2730 glarie
368 2665 486 2716 auferunt
503 2670 530 2716 et
547 2663 689 2716 comedunt.
705 2667 760 2714 tum
776 2662 858 2714 abban
875 2660 960 2714 vinum
977 2649 1050 2713 calici
1073 2660 1184 2714 infusum
1202 2661 1283 2730 bibit,
1299 2680 1374 2734 quem

264 2732 357 2785 omnes
374 2739 530 2802 sequnntur,·
548 2739 575 2784 et
592 2730 683 2800 gratiis
700 2729 749 2784 deo
769 2729 995 2784 actiadiecedunt.
1020 2735 1047 2782 et
1064 2729 1106 2782 bic
1131 2736 1171 2784 ert
1193 2731 1283 2785 modus
1300 2732 1373 2786 exal·

262 2799 340 2852 'tendi
357 2801 508 2872 panagium,
529 2801 647 2871 quamvis
663 2798 708 2854 alii
724 2799 773 2852 alic
796 2797 990 2882 quoquomodo
1015 2804 1180 2869 praeparent.
1206 2816 1265 2853 nam
1282 2815 1375 2856 saeca-

263 2868 340 2922 laree
357 2885 413 2922 curo
430 2869 536 2922 solemm'
553 2868 672 2922 convivb
690 2867 762 2922 airas
785 2867 842 2920 ex'ni
871 2873 931 2934 unt,
956 2873 1015 2936 post
1039 2880 1166 2932 mensem,
1189 2867 1216 2921 in
1241 2870 1373 2924 dexteram

270 2937 465 2998 adolescentuli,
489 2957 523 2990 ex
546 2939 616 2992 dero
639 2946 739 3004 tamen,
766 2885 895 3008 paulubdro
923 2943 1080 2990 contractam
1105 2945 1132 2990 et
1158 2936 1233 2992 volae
1254 2939 1375 2995 sinistrae

269 3006 412 3062 impositam
431 3024 462 3060 ex
480 3023 546 3076 pane
561 3015 732 3088 praeparant,
758 3014 783 3058 ct
801 3005 931 3074 conceptis
951 3003 1071 3074 precibus
1088 3007 1208 3060 sacerdos
1226 3007 1262 3060 lbi
1286 3017 1374 3062 utana

268 3074 365 3144 primur
382 3073 470 3127 micam
488 3075 595 3145 accipit,
613 3085 703 3146 postea
722 3075 779 3126 aliie
798 3075 945 3128 adolescens
962 3074 1090 3142 suggerit3
1107 3075 1175 3144 quod
1195 3086 1309 3129 remanet
1318 3077 1373 3147 ipsc

263 3145 295 3196 in
312 3143 425 3196 menibus
441 3143 548 3196 maxima
568 3157 624 3196 cum
641 3143 805 3196 veneratione
828 3143 981 3200 consumit.“
1005 3145 1069 3196 baec
1091 3143 1149 3209 ille;
1174 3144 1218 3214 qui
1243 3161 1300 3198 cnm
1322 3145 1371 3198 alio

263 3227 372 3282 qnoque
388 3212 462 3265 modo
475 3212 628 3296 praeparari
645 3213 806 3280 consentiet,
830 3227 905 3282 quem
929 3212 984 3281 ipse
1007 3213 1170 3266 observatum
1189 3214 1310 3284 probavi,
1328 3231 1373 3268 ac-

265 3288 345 3350 cepte
362 3281 411 3334 viri
434 3282 578 3340 amacissimi
603 3281 695 3346 venia,
716 3280 875 3350 subiungam.
898 3287 998 3334 remota
1018 3297 1104 3335 menta
1128 3300 1143 3336 e
1164 3285 1271 3336 tranum
1297 3289 1373 3338 coetu

188 3359 190 3364 '
265 3350 363 3414 ,allaim
381 3351 425 3420 qui
444 3351 508 3404 alins
526 3351 681 3422 paenitentia
702 3349 854 3421 praemissa,
878 3350 928 3404 boc
945 3359 984 3402 est
1001 3351 1117 3436 corporis
1133 3351 1310 3406 incurvatione
1326 3371 1372 3406 ve·

254 3427 390 3486 meratus,
414 3419 493 3473 dixit:
518 3417 653 3490 εὐλογεῖτε
676 3417 792 3488 πατέρες
815 3418 908 3487 ἅγιοι,
931 3415 1125 3502 συγχωρησατέ
1149 3438 1197 3488 μοι
1220 3423 1263 3489 roi
1284 3419 1372 3490 ἆμαρ-

265 3487 356 3560 ΙΙτωλςὸ.
373 3489 470 3542 cunctis
487 3485 502 3543 ὁ
521 3484 591 3552 θεὸς
607 3487 768 3560 συγχωρήσῃ
786 3488 1012 3558 respondentibus,
1030 3489 1164 3556 rrnaginem
1183 3491 1209 3545 b.
1226 3490 1332 3559 virginis
1346 3490 1372 3542 in

262 3571 337 3611 muro
354 3558 463 3629 positam
487 3558 598 3612 adoram
623 3572 654 3612 ac
680 3565 739 3612 ture
762 3557 946 3626 suffumigaoe,
969 3557 1079 3610 vicinum
1103 3557 1209 3628 imagini
1232 3575 1325 3630 panem
1346 3559 1371 3612 in

259 3629 337 3682 ‘disco
350 3628 491 3698 repositum
512 3628 631 3682 extremis
648 3629 734 3682 aufert
759 3627 846 3696 digitio
872 3639 900 3680 et
924 3627 951 3678 in
980 3626 1089 3680 omnium
1114 3635 1252 3697 conspectu
1276 3629 1370 3693 elevat,

265 3695 353 3750 dicens
369 3693 439 3766 μέγα
456 3690 488 3752 cd
510 3691 610 3766 dunum.
629 3697 784 3752 aubinnxere
801 3697 885 3750 cuncti
902 3689 1051 3762 coieciyc'oc
1075 3691 1199 3761 τριάδος.
1220 3697 1265 3750 ille
1281 3715 1370 3750 πανα-

263 3765 313 3890 plct
331 3763 464 3836 θεοτόκε,
482 3763 583 3838 βοήθει
600 3761 678 3834 ἡμῖν.
697 3765 851 3836 respondent
868 3763 911 3818 alii
922 3767 984 3824 ταῖς
999 3760 1087 3831 αὐτῆς
1097 3765 1254 3837 πρεσβείαις
1270 3761 1286 3820 ὁ
1304 3759 1371 3827 θεὸς

259 3833 262 3842 ⁴
282 3830 381 3904 λέησον
397 3833 445 3889 uui
462 3837 551 3889 σῶσον
567 3829 649 3903 ἡμᾶς.
668 3847 725 3888 mox
742 3835 858 3888 omnibus
881 3849 989 3887 accenso
1013 3841 1070 3886 ture
1090 3834 1217 3904 expiatis,
1234 3830 1369 3902 τραπεζά-

259 3919 318 3970 poo
334 3905 500 3974 refectorarii
516 3905 639 3974 obsequio
656 3904 795 3957 buccellam
813 3903 919 3956 divisam
939 3917 1026 3955 omnen
1044 3919 1238 3973 consumpsere3
1256 3911 1284 3956 et
1302 3921 1371 3956 com·

258 3989 342 4026 ‚mune
360 3974 475 4042 poculum
492 3974 613 4044 deiparae
632 3972 732 4025 nomine
748 3973 907 4026 benedictum
919 3971 1036 4024 devotius
1050 3972 1200 4028 exhausere.
1217 3973 1285 4027 unde
1295 3973 1370 4026 ritum

260 4042 335 4094 buno
352 4043 510 4110 processisse
525 4043 658 4108 affirmant,
673 4042 787 4108 Graeci,
811 4060 845 4096 ex
862 4042 976 4112 ipsorum
993 4039 1119 4094 sententia
1135 4041 1258 4111 librisque
1274 4041 1370 4095 rettudit

255 4111 425 4164 'Gretserure
449 4129 499 4182 nos
520 4107 803 4182 proceandiungendas
825 4109 987 4180 exposuimus
1003 4109 1030 4161 in
1057 4109 1255 4180 Eucbologium,
1280 4111 1370 4181 quibua

268 4178 449 4248 expositionem
466 4198 563 4234 omnem
581 4189 608 4234 et
622 4180 758 4249 'mysticum
776 4195 892 4235 sensum.
918 4185 971 4230 tum
989 4179 1108 4248 precibus
1126 4185 1178 4232 tum
1196 4179 1249 4233 ritu
1268 4180 1369 4234 conclu-

269 4263 340 4314 sum,
357 4247 458 4300 abunde
474 4248 643 4304 sdbluttaimua
661 4267 693 4304 ex
709 4245 846 4319 *symeonis
863 4247 1097 4302 Thessalonicensis
1114 4249 1223 4317 scriptia.

354 4341 383 4403 p.
397 4321 476 4386 63v·
489 4326 518 4390 8.
539 4319 573 4388 td
594 4328 650 4388 roci
671 4323 821 4406 oiooxeioo
844 4320 930 4407 φέρει
952 4319 1132 4400 assertione]
1158 4323 1255 4404 inepte
1274 4321 1368 4384 Iuntina
