3034 4916
481 353 529 424 IN
552 354 699 424 CODlNl
727 353 811 422 GAP.
837 350 897 422 Vl.
1162 352 1237 426 275

219 538 247 601 p.
262 515 305 585 44
318 536 344 578 v.
363 519 410 582 10.
431 518 504 580 circa
527 513 752 602 διβᾶμπουλον,
777 517 854 596 quod
873 516 1062 599 lampadmius
1074 528 1187 601 gestat,
1206 531 1238 583 et

134 605 214 666 cuius
232 606 360 666 Codinus
386 609 432 663 ter
457 606 599 683 meminit,
619 605 665 664 hic
684 611 715 664 et
734 606 819 683 paulo
838 604 931 683 infra,
962 607 1057 666 variae
1085 615 1154 668 sant
1172 628 1239 670 sen·

134 692 250 752 tentiae.
268 691 359 771 prima
377 689 469 769 Iunii,
494 693 542 768 qui
562 691 667 767 ubique
685 691 771 752 vestit
792 692 882 753 diuini
896 691 984 751 cultus
1003 693 1158 772 amputbsn.
1185 715 1239 756 nm

131 796 241 857 passum
261 778 403 852 assentiri,
430 773 524 852 inquit
549 777 703 838 Meursius:
728 773 894 855 suanensi
920 775 1006 856 δίβος
1023 795 1074 857 psa
1094 779 1175 838 divus
1195 799 1238 840 sc·

135 865 260 924 cmtiases
279 863 394 922 &assos
412 880 554 942 usurpasse
574 867 725 924 invenirent.

222 975 320 1037 Altera
339 981 480 1039 sententia
501 985 547 1038 est
566 973 774 1060 arriperetur
795 994 859 1037 esse
883 977 1093 1061 unpodozsiou,
1114 985 1157 1041 eiu
1177 979 1275 1040 ier-P
1293 984 1345 1040 214

135 1068 284 1140 uemtaug,
314 1064 392 1139 quod
418 1065 449 1123 in
477 1058 608 1142 διατάξει
633 1068 688 1144 τῆς
715 1061 935 1144 ispobsunouluc
959 1062 1099 1124 Pbilothei
1119 1067 1240 1147 patriar-

137 1149 207 1208 chae
232 1147 378 1227 Cpolitani
404 1151 564 1210 nominatur
595 1143 795 1231 peraudisse,
830 1149 969 1208 manum:
999 1147 1019 1211 o‘
1045 1142 1241 1232 duupuaicspe

135 1231 268 1312 κατέχων
282 1228 468 1315 peracturos
480 1231 555 1339 perol
575 1229 731 1314 λαμπάδος
750 1230 896 1313 dapium·
920 1234 950 1291 in
970 1231 1081 1311 Typioo
1099 1237 1121 1293 S
1146 1236 1241 1296 Sabae

136 1320 260 1398 reperies
294 1326 540 1400 uppapuuouairu
562 1322 661 1381 eodem
687 1338 803 1398 prorsus
830 1319 996 1396 significatu.
1022 1320 1098 1378 idem
1124 1323 1239 1381 omnino

137 1400 363 1485 ὄιβᾶμπουλον,
386 1407 418 1465 id
440 1407 570 1466 nimirum
590 1406 634 1465 cui
653 1404 761 1482 lampas
781 1404 981 1482 imponebatur
993 1409 1031 1462 'et
1052 1423 1109 1481 quo
1129 1407 1240 1465 sereba-

136 1495 193 1548 tur.
214 1490 245 1548 id
264 1496 326 1548 erat
346 1509 446 1550 aureus
467 1499 585 1571 contus,
605 1496 639 1550 ut
659 1491 786 1549 Codinus
806 1491 907 1548 docet:
929 1489 960 1547 in
979 1487 1062 1548 huius
1082 1491 1156 1550 enim
1176 1511 1240 1551 ver-

136 1575 195 1634 tice
212 1574 319 1654 lampas
338 1576 470 1636 insistens
490 1597 508 1636 a
528 1577 699 1654 lampadaria
719 1574 895 1656 portabatur.
916 1574 995 1634 baec.
1008 1577 1149 1644 sententia
1171 1578 1240 1636 mibi

137 1659 204 1719 olim
223 1661 254 1719 in
273 1661 378 1720 Facula
404 1681 463 1721 non
486 1663 664 1740 displicebat:
691 1679 766 1718 nune
787 1659 842 1718 alia
869 1666 965 1720 mente
991 1679 1070 1739 sum,
1097 1663 1165 1738 quia
1189 1682 1240 1722 cur

138 1751 246 1822 cautus,
267 1747 315 1820 qui
335 1765 470 1805 accensae
496 1747 633 1823 lampadis
653 1743 786 1822 fulcrum,
805 1748 921 1802 vocetur
944 1739 1168 1824 διβᾶμπουλον,
1189 1765 1239 1806 ex-

137 1835 241 1910 putare
260 1848 368 1889 mecum
387 1847 513 1906 nequeo,
533 1829 643 1888 etiamsi
662 1847 720 1887 nou
734 1822 941 1909 διβᾶμπουλον
960 1830 1012 1887 sed
1029 1829 1240 1910 διβάμμονλον

135 1914 300 1975 scribamus.
326 1915 401 1976 adde
420 1915 499 1994 quod
524 1916 648 1978 manuale
666 1919 697 1975 et
719 1906 947 1997 unoopcuaudts
975 1914 1057 1974 ainis
1085 1915 1194 1976 distant
1219 1935 1239 1978 a

135 1999 297 2080 dibumpuba

223 2115 323 2179 Tertia
342 2121 482 2181 sententia
500 2126 595 2182 exstat
613 2122 643 2182 in
667 2121 765 2182 eadem
786 2117 1009 2200 Tuscograecia‚
1030 2112 1242 2199 διβᾶμπουλον

137 2221 201 2262 esse
214 2205 377 2283 turabulum,
398 2227 483 2285 quam
500 2205 701 2287 expositionem
715 2209 823 2285 accepit
836 2205 953 2266 Cresius
967 2227 985 2266 a
1003 2205 1118 2264 Graecis
1132 2205 1241 2264 insulae

137 2289 322 2367 Santorinae,
349 2292 450 2368 quibus
465 2295 558 2352 favere
572 2293 684 2353 videtur
697 2299 758 2351 tum
774 2294 837 2371 ipsa
850 2291 944 2371 natio,
966 2291 1032 2368 quia
1049 2291 1150 2349 Graeci
1164 2296 1242 2368 sunt,

137 2393 210 2452 quos
238 2377 336 2455 utique
355 2377 454 2436 melius
478 2397 562 2438 nosse
585 2378 641 2436 ista
658 2377 809 2455 oportebat
832 2395 917 2454 quam
937 2382 1065 2452 exteros,
1086 2382 1148 2434 tum
1176 2377 1243 2452 quia

137 2479 197 2518 non
221 2461 259 2519 sit
285 2462 431 2522 verisimile
452 2464 596 2522 turibulum
619 2463 649 2521 in
670 2463 713 2522 his
733 2461 828 2521 aulicis
846 2460 1029 2522 conventibus
1049 2460 1186 2532 adinisse3
1211 2466 1243 2519 et

135 2544 211 2603 forte
220 2547 398 2607 scribendum
412 2544 615 2630 raeparator
623 2591 633 2625 ,
654 2567 672 2608 a
686 2543 757 2614 bria
771 2549 891 2625 immoto,
913 2547 1030 2606 undeet
1042 2551 1087 2604 tus
1105 2545 1244 2622 originem

135 2630 239 2690 ducere
257 2633 376 2692 videtur.

223 2733 334 2803 Quarta
348 2736 488 2796 sententia
501 2736 613 2797 videtur
627 2755 689 2795 esse
708 2733 824 2794 Mearsii
839 2753 865 2794 v.
885 2724 1170 2812 Mouoildpfioaiom
1192 2726 1242 2806 qui

137 2813 375 2900 μονοβᾶμπυλον
387 2828 419 2881 et
434 2818 621 2903 διβᾶμπυλον
637 2823 673 2881 ab
690 2821 795 2880 ambulo
807 2819 938 2895 arcessit,
959 2824 993 2876 nt
1011 2819 1050 2875 sit
1070 2815 1139 2873 illud
1161 2815 1244 2890 quasi

138 2903 257 2984 simplex
273 2913 303 2965 et
323 2908 451 2986 unicum,
470 2907 527 2967 boc
547 2907 651 2987 duplex
671 2906 878 2984 ambulacrum,
906 2921 957 2962 seu
976 2909 1008 2961 ut
1028 2902 1090 2981 ipse
1108 2901 1244 2979 loquitur,

138 2989 251 3068 simplex
264 2994 385 3052 conclave
400 2994 505 3073 palatii
516 2997 657 3070 secretius,
677 2996 707 3054 ia
720 3013 772 3072 qua
788 2989 1002 3070 congregabatur
1017 2989 1101 3046 almus
1118 2989 1243 3064 patriar-

138 3073 216 3134 clmm
229 3096 324 3136 nouum
337 3078 476 3142 electurus.
521 3078 636 3139 Codinus
660 3083 717 3138 eius
735 3079 868 3138 meminit:
890 3071 909 3138 o‘
931 3066 1071 3154 δεύτερος
1091 3065 1243 3151 desudasse

137 3163 258 3240 κρατῶν
277 3158 311 3224 τὸ
331 3163 573 3246 μονοβάμβυλον.
610 3170 673 3224 ante
693 3163 741 3222 boc
757 3169 815 3222 erat
836 3161 929 3236 aliud,
954 3162 983 3218 iu
1009 3158 1077 3236 quod
1093 3159 1243 3236 promiscue

138 3247 324 3308 cmmem'sbant
344 3269 428 3309 annu
447 3255 496 3330 qui
509 3256 632 3332 cuperent
653 3252 746 3308 stoan
769 3251 837 3307 scire
857 3265 931 3326 quem
953 3245 1039 3303 clerus
1058 3241 1244 3320 patriarcham

35 3377 42 3398 .
139 3337 268 3403 creasset3
286 3338 312 3392 et
328 3334 399 3394 illud
416 3330 604 3417 ὁιβᾶμβυλον
617 3335 762 3394 dicebatur.
790 3335 893 3394 inversio
915 3333 972 3388 eius
993 3330 1146 3386 mentionem
1170 3325 1244 3404 apud

132 3415 283 3478 Pbransem
297 3419 319 3480 3
336 3423 385 3484 19.
405 3421 547 3482 secundum
565 3421 629 3480 baec
643 3419 804 3498 patriarcba
818 3436 876 3477 cum
898 3414 1067 3493 lampadibus
1085 3413 1123 3471 ad
1137 3412 1244 3470 dibam-

138 3501 204 3562 bula
221 3507 278 3562 siue
303 3509 403 3564 atrium
423 3506 608 3584 descendebat,
633 3510 809 3584 paratumque
835 3503 971 3560 maeniana
998 3518 1092 3578 equum
1118 3496 1245 3592 ascende-

138 3587 194 3647 bat.
215 3589 266 3646 sed
279 3591 348 3665 quid
362 3591 398 3648 de
408 3591 603 3670 monobambylo
618 3590 795 3649 sentiendum
809 3587 856 3664 sit,
870 3586 926 3644 iam
943 3583 962 3644 l.
980 3589 994 3646 1
1016 3603 1039 3643 c
1056 3584 1097 3646 10
1109 3599 1245 3660 exposm:

138 3674 262 3752 expungi
282 3674 412 3734 nimirum
435 3676 535 3754 debet,
559 3676 646 3753 inque
672 3676 731 3732 eius
751 3674 842 3732 locum
865 3670 999 3730 substitui
1025 3661 1246 3747 μονάμπουλον

137 3759 198 3818 sive
216 3753 470 3839 porciuncutiou3
487 3768 517 3824 et
531 3761 610 3820 notio
627 3762 696 3820 atrii
709 3779 761 3818 seu
780 3757 930 3818 ambulacra*
945 3756 989 3813 his
1011 3751 1122 3812 duobus
1140 3747 1247 3808 Cadini

138 3843 208 3903 locis
228 3843 305 3903 nullo
323 3847 409 3905 moda
432 3845 567 3926 applicari
583 3851 694 3925 potest:
715 3863 781 3903 nam
800 3842 988 3923 lampadarius
1011 3838 1111 3896 dicitur
1129 3833 1246 3914 φέρειν,

139 3930 262 3989 manibus
275 3930 368 4009 serre,
388 3935 451 3990 crim
470 3950 587 3991 accensa
603 3931 733 4010 lampade
748 3922 964 4008 διβᾶμπουλον.
993 3943 1031 3980 an
1051 3919 1181 4019 conclave
1200 3917 1246 3978 vel

140 4015 244 4074 atrium
263 4016 392 4076 manibus
413 4024 525 4094 gestare
543 4015 657 4096 potuit?
679 4014 842 4079 addebaec
862 4014 898 4071 de
917 4008 1041 4070 conclavi
1060 4012 1196 4065 exteriore
1215 4008 1246 4062 et

139 4100 273 4159 interiore
283 4121 345 4161 esse
357 4103 493 4180 figmenta
505 4103 593 4178 lunii,
615 4119 784 4179 quamquam
797 4100 859 4178 ipse
875 4091 1082 4177 διβάμπουλον
1100 4109 1246 4166 nunquam

141 4187 180 4244 ad
203 4188 324 4246 exterius
340 4189 471 4248 conclave
485 4185 610 4264 rettulit,
629 4205 722 4262 neque
739 4187 824 4244 etiam
836 4184 868 4241 in
882 4201 935 4240 suo
949 4176 1142 4257 mombumbylo
1157 4176 1196 4234 ad
1210 4170 1247 4235 sd

141 4271 327 4332 ambulacrum
340 4273 542 4349 retentatore,
558 4273 610 4330 sed
620 4267 701 4335 adad
714 4264 882 4352 papatissa
896 4265 1028 4345 respexit.
1049 4262 1156 4322 accedit
1169 4259 1247 4357 apud

143 4353 301 4417 Pbranzem
318 4377 376 4420 non
392 4359 449 4439 legi
471 4351 695 4442 διβᾶμπουλον,
715 4357 767 4416 sed
786 4351 940 4416 diabobuta.
961 4355 992 4412 at
1004 4346 1143 4412 Meursius
1161 4363 1246 4404 corn-
