2968 4924
166 247 168 256 Ι
253 303 305 379 96
563 241 721 372 conlui
739 300 1038 372 ouuorimmu

254 472 401 544 διάκονοι.
451 471 616 562 είσίρχεται
631 463 685 541 odo
695 471 841 556 βασιλεὺς
854 469 923 557 μετ’
940 469 1041 540 atauo
1056 473 1099 551 είς
1111 471 1147 541 τό
1160 468 1248 560 ἅγιον
1260 469 1363 559 βῆμα,

255 581 307 645 καλ
323 572 488 662 λαμβάνων
502 576 658 661 θυμιατόν
672 583 776 670 θυμιᾷ
795 603 852 662 την
872 602 956 665 ιεραν
971 572 1124 665 τράπεζαν
1145 581 1364 665 σταυροειδῶς,

255 688 377 770 πρῶτον
390 681 447 764 μὲν
462 680 542 748 κατά
557 679 708 760 ἀνατολάς
713 729 727 763 ,
748 677 813 747 εἶτα
824 681 903 766 πρὸς
915 675 1039 770 άρκτον,
1063 677 1167 748 ἔπειτα
1180 681 1259 764 πρὸς
1270 678 1364 746 ἐσπί-

256 812 325 874 ραν,
351 787 401 852 καλ
414 784 492 868 μετὰ
506 791 604 850 ταῦτα
620 783 698 872 πρός
713 786 916 872 μεσημβρίαν.
968 781 1032 850 εἶτα
1049 781 1141 850 πάλιν
1153 783 1232 871 πρὸς
1249 785 1364 848 άνατο·

257 890 315 966 λάς
329 894 451 972 θυμιῶν
462 893 565 979 θυμιᾷ
579 888 696 955 καὶτὸν
710 884 911 977 πατριάρχην.
942 887 1037 966 αὐτὸς
1049 889 1084 953 δὲ
1099 883 1390 976 προσαγορεύσας,5

257 994 309 1058 καλ
323 991 427 1075 λαβὼν
443 991 503 1058 ἀπὸ
518 997 643 1076 τῆςτοῦ
656 991 807 1076 βασιλέως
816 991 920 1077 χειρὸς
932 991 985 1056 τὸν
1004 987 1170 1074 θνμιατόν,
1193 990 1366 1080 άντιθνμιᾷ

221 1107 243 1160 Β
260 1095 313 1164 τόν
324 1093 464 1178 βασιλέα.
506 1095 584 1178 μετὰ
599 1095 633 1184 δὲ
647 1101 745 1160 ταῦτα
758 1092 914 1176 ἐκβάλλων
930 1091 946 1160 ό
960 1093 1106 1179 βασιλεὺς
1122 1092 1183 1160 άπὸ
1198 1097 1254 1177 τῆς
1267 1092 1365 1160 aizoo

259 1205 395 1287 κεφαλῆς
415 1198 450 1264 τὸ
474 1197 594 1282 στέμμα
617 1198 768 1286 ἐγχειρίζει
787 1208 851 1276 τοῖς
871 1193 1040 1277 διακόνοις,
1075 1195 1093 1262 d
1117 1198 1151 1262 δὲ
1171 1193 1366 1284 πατριάρχης

256 1302 336 1387 μετά
355 1302 391 1370 τό
413 1308 594 1386 κοινωνῆσαι
619 1307 674 1368 τοῦ
696 1302 797 1387 τιμίου
822 1300 966 1385 στόματος
990 1303 1098 1367 δίδωσι
1116 1301 1169 1366 καλ
1184 1306 1229 1388 τῷ
1242 1305 1370 1384 βασιλεῖ

260 1410 303 1484 είς
315 1404 371 1483 τάς
381 1415 488 1493 χεῖρας
502 1407 614 1493 μερίδα
629 1411 684 1472 τοῦ
697 1407 876 1472 δεσποτικοῦ
889 1402 1047 1489 σώματος·
1076 1395 1113 1470 οὗ
1132 1405 1183 1469 καλ
1201 1403 1364 1487 μετασχὼν
1373 1417 1405 1472 1⁰

259 1518 398 1576 κοινωνεῖ
410 1505 523 1591 ὁμοίως
542 1510 593 1574 καλ
606 1515 660 1574 τοῦ
678 1510 827 1598 ζῳοποεοῦ
844 1511 983 1593 αἳματος.
1034 1517 1173 1574 κοινωνεῖ
1187 1507 1222 1572 δὲ
1237 1514 1292 1572 τοῦ
1307 1507 1365 1590 μὲν

258 1609 450 1700 πατριάρχου
473 1611 526 1678 τόν
548 1610 634 1699 ἱίηιον
656 1618 796 1701 κρατῆρα
818 1611 997 1696 κατέχοντος
1004 1659 1014 1691 ,
1041 1611 1135 1690 adria
1150 1610 1185 1676 dd
1200 1605 1365 1700 προσάγων

257 1723 303 1805 τῷ
318 1722 448 1805 κρατῆρι
462 1715 497 1781 τὸ
513 1713 630 1800 στόμα,
650 1713 752 1804 ὥσπερ
767 1716 863 1782 καλοῖ
878 1716 978 1803 ἱερεῖς.

361 1818 457 1886 Mac
482 1819 516 1884 δὲ
536 1819 571 1886 ’τό
592 1826 774 1903 κοινωνῆσαι
789 1825 850 1886 τῶν
869 1821 963 1885 θείων
978 1816 1154 1906 μυστηρίων
1166 1817 1366 1904 περιθέμενος

261 1914 356 2000 αὖθις
373 1923 410 1988 τὸ
431 1923 552 2008 στέμμα
572 1929 611 2011 τῇ
632 1929 750 2012 κεφαλῇ
773 1923 923 2012 ἔξίρχετοι
943 1929 1000 1988 τοῦ
1021 1918 1108 2008 όηίου
1129 1917 1286 2005 βήματος·
1311 1923 1404 1991 aoi15

259 2027 453 2110 τελεσθείσης
464 2033 520 2111 τῆς
535 2026 619 2114 ἳερᾷς
633 2028 835 2116 λειτουργίας,
861 2028 913 2092 καλ
932 2032 989 2091 τοῦ
1008 2024 1220 2107 διαδεδομένον
1239 2029 1283 2114 τῷ
1299 2029 1366 2110 λαῷ

220 2141 244 2195 c
263 2127 467 2216 άμάσματος,
486 2127 504 2195 ό
520 2152 622 2217 φαμεν
634 2129 809 2217 όντίὸοιρον,
829 2121 924 2208 αὖθις
937 2125 1107 2212 μετασχών,
1128 2130 1180 2197 καὶ
1191 2125 1367 2214 εὐλογηθελς

260 2230 345 2320 παρά
361 2239 464 2301 τετοῦ
479 2233 670 2322 πατριάρχου
683 2236 734 2300 καί
749 2240 810 2300 τῶν
824 2230 983 2320 παρόντοιν
1001 2231 1174 2321 ἀρχιερέων,
1201 2234 1253 2296 καὶ
1269 2255 1366 2296 κατο-

209 2405 213 2414 ,
264 2333 460 2421 σπασάμενος
472 2336 529 2414 τὰς
544 2338 645 2404 αὐτῶν
654 2345 778 2424 χεῖρας,
811 2336 969 2424 ἀνέρχεται
985 2339 1028 2413 είς
1041 2336 1081 2400 τὰ
1096 2332 1244 2420 λεγόμενα
1258 2337 1365 2418 Κατη-

261 2437 409 2524 χοόμενα.
460 2441 579 2528 ξυλίνης
593 2442 627 2508 δὲ
640 2443 759 2508 κάκεῖσε
771 2438 958 2529 άναβάθρας
970 2440 1095 2527 μετρίας
1108 2437 1203 2523 odone
1216 2452 1405 2525 προκατε-λίλ

264 2543 472 2628 σκευασμόνης
486 2547 536 2610 καὶ
557 2542 681 2634 θρόνων
698 2549 759 2612 τῶν
775 2544 854 2610 καθ’
871 2541 989 2630 ἡμέραν
1003 2540 1149 2625 συνήθων
1162 2531 1366 2627 ἶπικειμίνων,

265 2637 442 2735 ἀν’ἐρχονται
457 2645 474 2713 d
487 2674 521 2715 τε
533 2649 600 2727 νίος
613 2647 760 2732 βασιλεὺς
773 2651 823 2715 καί
844 2644 865 2732 ἢ
888 2648 985 2714 αὐτοϋ
997 2646 1072 2733 γυνὴ
1086 2648 1138 2712 καὶ
1151 2649 1275 2729 βασιλὶς
1288 2645 1364 2730 μετά

282 2893 285 2900 .
334 2832 531 2900 Ῑοόνοόὰλ
633 2841 874 2914 θεῆςτοίςοοιο

265 3021 373 3086 paratus
391 3021 442 3083 est,
460 3013 575 3067 invitant
591 3012 662 3066 ilium
678 3013 810 3083 praedicti
826 3011 946 3082 diaconi,
965 3029 1024 3066 cum
1041 3012 1137 3082 quibua
1154 3011 1303 3081 ingreditur
1317 3009 1364 3063 im-

263 3091 372 3166 perator
394 3083 423 3139 in
448 3082 644 3136 tabernaculum
664 3100 712 3136 seu
737 3083 764 3136 in
782 3091 873 3137 sancta
890 3092 1054 3146 sanctorum
1081 3090 1109 3136 et
1125 3091 1236 3152 accepto
1254 3080 1365 3134 turibulo

262 3158 392 3220 incensat,
408 3153 493 3206 erucis
510 3153 539 3204 in
556 3151 681 3221 speciem,
698 3165 798 3206 aetram
816 3169 939 3220 mensam,
964 3150 1072 3221 primum
1095 3151 1200 3220 quidem
1223 3151 1257 3204 ad
1274 3151 1364 3220 ¹orien-

262 3225 325 3290 tem,
343 3222 440 3275 deinde
457 3222 491 3274 ad
507 3221 723 3289 septentrionem,
742 3230 836 3292 postea
851 3223 886 3276 ad
903 3222 1074 3290 occidentem,
1093 3230 1120 3274 et
1136 3221 1244 3274 tandem
1261 3221 1295 3274 ad
1312 3237 1365 3272 mo-

262 3290 366 3344 ridiem.
386 3290 486 3343 deinde
498 3289 594 3342 iterum
612 3291 646 3342 ad
664 3291 791 3344 orientem
808 3293 948 3345 incensans
963 3291 1053 3344 suffitu
1070 3307 1177 3359 quoque
1192 3289 1365 3360 patriarcham

261 3359 385 3413 honorat.
410 3359 470 3428 ipse
487 3366 573 3412 eutem
589 3359 703 3414 calutate
720 3360 880 3431 imperatore
897 3361 980 3416 eidem
998 3360 1100 3414 incensi
1117 3369 1146 3414 et
1162 3361 1267 3413 suffitus
1286 3359 1366 3412 hono-

261 3447 317 3483 rem
334 3428 468 3482 redhibet.
504 3427 546 3481 hia
563 3428 678 3498 peractis
695 3428 840 3500 imperator
856 3431 978 3500 deposita
1000 3430 1033 3482 de
1056 3429 1144 3496 capite
1168 3445 1266 3482 corona
1288 3427 1367 3480 tradit

264 3515 322 3552 eam
340 3497 469 3552 diaconis.
492 3504 520 3550 at
539 3498 691 3568 patriarcha
706 3507 844 3569 postquam
862 3501 1006 3569 pretiosum
1023 3498 1122 3552 domini
1138 3515 1234 3566 corpur
1250 3496 1368 3568 sumpsit,

262 3567 347 3637 tradit
371 3580 476 3636 quoque
499 3567 653 3637 imperatori
674 3569 703 3620 iu
728 3585 819 3622 manue
846 3569 969 3622 dominici
987 3567 1105 3638 corporis
1123 3567 1293 3639 particulam
1319 3582 1368 3635 qua

263 3643 368 3706 sumpta
385 3636 464 3690 sumit
481 3637 559 3689 etiam
578 3635 711 3690 vivificum
729 3639 897 3708 sanguinem
915 3639 1088 3692 communicat
1104 3646 1200 3704 autem,
1220 3636 1368 3707 patriarcha

264 3715 382 3760 sonuum
405 3705 511 3758 calicem
534 3712 643 3760 tenente
666 3706 726 3778 ipae
749 3725 779 3762 οε
804 3709 839 3762 ad
858 3707 965 3762 calicem
981 3707 1131 3778 applicans,
1156 3704 1368 3776 quemadmodum

265 3775 418 3830 sacerdotes
434 3775 529 3828 solent.

334 3845 475 3912 Postquam
483 3841 640 3904 ,divinorum
656 3844 841 3914 mysteriorum
864 3844 967 3916 partica
986 3863 999 3900 a
1025 3845 1138 3900 effeetus
1161 3848 1221 3911 eat,
1246 3841 1368 3912 imposita

266 3929 357 3967 rumne
375 3912 456 3981 capiti
475 3929 572 3966 corona
588 3915 722 3982 egreditur
739 3933 754 3968 e
771 3933 847 3968 sacro
864 3866 998 3984 tribuendi,
1015 3915 1090 3967 finita
1108 3912 1217 3982 liturgia
1230 3919 1259 3966 et
1272 3911 1368 3982 populo

267 4001 337 4052 pane
353 3982 525 4052 sanctificato,
551 3983 623 4052 quod
637 3984 785 4038 antidotum
803 3982 972 4052 nominamus,
990 3984 1146 4048 distribut03
1173 3984 1207 4035 de
1224 3996 1277 4050 quo
1294 3987 1369 4066 pcat-

268 4069 345 4122 quam
371 4052 478 4122 etipse
502 4053 689 4124 participavit,
714 4059 742 4107 at
766 4053 976 4110 benedictionem
1000 4071 1016 4107 a
1040 4051 1193 4124 patriarcha
1219 4058 1369 4118 ceterisque

267 4121 451 4190 praecentibus
465 4123 557 4192 epicco
577 4122 603 4174 ie
618 4122 731 4193 accepit,
748 4139 890 4204 eorumque
907 4139 997 4178 manua
1013 4121 1181 4176 deosculatus
1198 4128 1250 4186 est,
1277 4135 1370 4180 aucen-

268 4189 310 4244 dit
325 4190 360 4244 ad
375 4189 459 4245 locum
483 4139 669 4247 catecdumena
692 4191 801 4250 dictum.
837 4190 925 4260 lignea
946 4191 986 4246 ibi
1008 4207 1113 4263 quoue
1136 4191 1296 4255 anabathra,
1323 4187 1370 4240 aad

267 4259 386 4330 modica,
407 4269 581 4333 praeparatura
611 4269 640 4314 et
666 4261 761 4332 positio
786 4260 907 4332 thronis,
935 4261 982 4330 qui
1007 4261 1161 4332 quotidiano
1184 4266 1246 4312 sunt
1266 4258 1295 4310 in
1313 4273 1369 4324 usu,

267 4331 412 4386 ascendunt
428 4347 511 4386 uonna
528 4330 673 4402 imperator
690 4336 718 4384 at
734 4346 801 4386 uror
819 4331 876 4384 eiua
897 4331 1050 4402 imperatrix
1071 4345 1129 4386 cum
1145 4329 1305 4399 inoperatur-o
1322 4341 1370 4396 pa-

551 4459 558 4488 i
