2958 4918
476 293 522 369 ul
549 293 700 366 connu
725 297 812 368 GAP.
842 296 870 368 1.
1128 315 1129 318 ’
1157 295 1229 376 153

119 460 267 542 cumipse
289 477 312 522 c
331 461 371 528 17
396 458 502 522 duerte
517 459 595 522 dicat
613 459 759 528 ecclesiam
784 479 917 544 magnam
937 477 997 524 non
1018 459 1124 526 habere
1139 470 1232 546 mota-

116 547 227 628 psuIten
245 545 298 605 sed
312 543 499 620 domentiam,-
523 547 578 606 uisi
594 547 686 609 dicere
702 549 819 610 velimus
845 547 968 610 officium
987 568 1054 610 esse
1069 549 1160 629 idem,
1178 569 1233 612 no-

120 649 189 694 meu
215 631 371 710 diversum,
401 631 489 707 inque
512 631 644 714 catalogo
665 635 819 696 officiomuu
843 634 976 696 ecclesiae
1000 653 1117 694 vocasse
1139 641 1233 716 proto-

116 717 228 798 psulten
249 735 334 794 quem
349 717 464 796 proprio
487 717 600 779 nomine
617 737 718 780 vocare
735 720 880 781 debuisset
900 715 1068 782 dommticum
1086 727 1234 784 tammam.

121 801 195 879 quid
209 801 249 862 sit
264 803 451 881 domesticus,
461 801 536 864 infra
547 803 730 882 explicabitur
742 805 781 866 ad
796 825 824 885 p.
843 810 864 869 7
879 803 928 870 15.
949 806 980 865 in
995 805 1120 884 palatino
1137 812 1235 866 umen

121 887 198 948 clero
213 892 276 948 erat
293 887 501 967 protopudtes,
514 895 549 948 ut
562 889 648 952 docet
662 891 791 952 Codinns
805 889 870 953 loco
887 891 992 971 citato,
1007 891 1059 969 qui
1071 891 1155 956 simul
1170 895 1235 952 erat

122 972 256 1034 matema
276 972 343 1032 cleri
363 974 544 1054 imperatorii.
1115 1009 1117 1016 ·

150 1163 165 1180 .
193 1111 222 1167 p.
243 1095 262 1149 6
277 1111 311 1180 v²
322 1095 349 1151 6.
380 1093 523 1182 Adoptaui
546 1091 562 1150 δ
584 1093 789 1184 ngmcomoitcne
812 1095 923 1153 ἵσταται
939 1089 1024 1167 ptam
1038 1097 1096 1182 snio
1112 1093 1165 1152 δύο
1182 1115 1232 1168 χο-

122 1179 199 1234 ρων,
215 1161 409 1228 innovasset
420 1180 573 1234 ευωνυμου.
609 1184 724 1237 uppusun
734 1165 768 1225 dl
779 1164 829 1223 aul
845 1162 899 1239 τὴν
917 1161 1030 1234 {vacent
1045 1186 1061 1220 τ
1082 1185 1096 1230 ς
1114 1171 1232 1239 spatum·

121 1233 198 1296 δίας.
232 1227 303 1302 pacui
322 1227 356 1286 dl
373 1234 464 1288 ταῦτα
479 1231 529 1288 nul
544 1230 651 1305 ψάλται
667 1229 739 1291 itm.
773 1236 871 1292 addunt
891 1236 944 1291 alia
962 1234 992 1292 oi
1009 1236 1065 1305 δομ
1096 1253 1167 1290 naon
1182 1232 1234 1290 καὶ
1339 1293 1343 1304 .

120 1297 378 1440 glazpppptmiptm.
413 1307 502 1374 φορεῖ
514 1300 547 1360 di
564 1301 614 1360 acl
631 1303 974 1378 smsnccdotov'ssaninam
998 1307 1101 1362 arnon
1123 1314 1150 1364 ct
1166 1306 1233 1362 stri·

170 1545 172 1552 ,
209 1489 315 1566 pdv.
330 1489 359 1552 6.
380 1484 514 1564 Sequitur
535 1482 818 1570 δῐδιοδομὲστιιιος,
838 1488 987 1567 tinguitania
1003 1487 1175 1562 domesticus,
1199 1487 1233 1546 ut

118 1570 326 1650 interpretatur
355 1570 472 1650 Iunius,
495 1576 579 1651 primi
596 1581 623 1635 et
641 1575 752 1636 nmendi
776 1576 859 1635 cluon'.
885 1576 939 1634 sed
963 1580 1054 1634 errat:
1080 1573 1272 1652 legendum?
1292 1573 1344 1631 174

122 1655 158 1720 oi
182 1649 241 1720 ado
266 1653 436 1737 δομέστικοι
466 1656 519 1718 διο
546 1657 696 1736 demoliet,
723 1661 794 1720 ulter
814 1660 906 1720 dextri
926 1660 996 1719 ulter
1020 1661 1128 1719 sististri
1147 1659 1233 1722 olori.

121 1739 200 1804 clare
221 1741 328 1801 Citrius
341 1743 415 1803 duos
432 1743 577 1824 nominat,
597 1742 617 1809 δ
634 1742 807 1823 dolcissimus
823 1748 880 1807 coci
900 1745 1003 1820 δεξιοῦ
1014 1747 1110 1826 χοροῦ
1116 1788 1125 1821 ,
1147 1741 1233 1806 ito·

1 1867 2 1870 =
121 1823 263 1909 μέστιιιος
284 1831 342 1894 τοῦ
365 1822 533 1911 imnerico.
570 1830 712 1890 etfacilis
736 1831 783 1891 via
810 1830 867 1888 fuit
894 1829 1079 1889 contrahendi
1098 1828 1234 1888 vocabula

122 1913 265 1972 disiuncta
278 1914 312 1976 οἱ
323 1905 381 1980 ido
397 1911 567 1995 dopdssrmou
587 1916 618 1974 in
639 1935 727 1976 unum
749 1911 999 1996 tantopinrnn:
1028 1915 1165 1974 caecutiat
1183 1914 1233 1989 qui
1259 1909 1269 1922 “

1 2063 2 2084 3
122 1996 182 2057 laoc
193 1993 365 2060 nonvidsat.
384 2017 438 2058 nec
453 1999 550 2059 obstat
565 2001 644 2078 quod
668 2001 721 2060 hac
736 2001 848 2062 ratione
869 2019 920 2059 sex
943 1999 1032 2060 futuri
1052 2000 1152 2058 sintin
1167 1995 1233 2076 sep-

1 2089 2 2148 }
121 2083 196 2142 tima
208 2087 344 2163 pentade:
365 2103 431 2144 nam
443 2091 474 2144 et
488 2084 518 2144 in
531 2087 622 2165 prima
635 2088 760 2165 peutede
775 2105 826 2146 sex
845 2090 929 2162 suut,
949 2091 983 2144 ut
999 2104 1086 2163 supra
1103 2084 1235 2163 diximus,

1 2225 3 2234 ,
122 2175 157 2228 ct
175 2175 271 2229 tamerr
287 2176 406 2230 vocatu
420 2176 519 2250 pentus
539 2191 591 2231 seu
608 2176 761 2250 'quinarium
804 2172 874 2247 quid
891 2172 930 2230 sit
947 2171 1103 2230 domesticus
1124 2170 1154 2228 in
1173 2169 1236 2228 inre

1 2277 2 2282 ¹
122 2253 198 2314 civili
212 2261 243 2314 et
260 2255 339 2334 apud
359 2256 429 2317 alios
455 2257 561 2335 passim
584 2259 737 2336 scriptores
758 2256 883 2315 Graecos
905 2255 936 2315 et
956 2253 1094 2331 Latinos,
1114 2255 1236 2334 explicat

1 2347 3 2420 f
123 2340 257 2400 Cuiacius
269 2341 307 2398 ad
320 2339 368 2402 lib.
386 2343 428 2404 12
442 2342 505 2401 cod.
522 2341 687 2402 Iustinianei
709 2343 748 2402 ad
766 2343 811 2401 tit.
836 2344 893 2417 12,
911 2347 942 2399 et
957 2340 1059 2400 Petrus
1079 2339 1235 2417 Gregorius

1 2424 3 2503 [
123 2425 321 2504 Syntagmatis
346 2429 367 2492 6
389 2430 418 2492 8.
438 2427 578 2502 quidhoc
600 2428 715 2487 nomine
735 2426 920 2504 significarint
943 2425 1045 2484 Graeci
1066 2426 1237 2484 recentiores

1 2510 2 2582 J
123 2511 212 2570 docet
227 2512 349 2590 Citrius,
370 2512 414 2571 cui
431 2531 495 2572 cum
511 2512 582 2572 haec
593 2514 722 2588 quaestio
735 2512 838 2571 fuisset
852 2510 1015 2589 proposita,
1035 2515 1112 2569 cuins
1127 2511 1238 2586 linguas

1 2625 2 2648 1
124 2597 543 2676 animumanimum
564 2599 660 2677 quibua
681 2597 805 2658 melecius
821 2599 975 2656 ministeriis
987 2613 1078 2655 nomen
1092 2595 1140 2652 loc
1153 2598 1239 2670 impo-

123 2685 209 2742 situm
229 2683 290 2743 esti
307 2683 470 2761 respondit:
491 2681 628 2744 domestici
643 2682 796 2762 appellatio
816 2683 971 2740 secundum
996 2677 1116 2738 Latinos
1137 2679 1238 2760 ducem

1 2771 3 2850 }
125 2760 307 2846 ἐξάρχοντα,
327 2768 518 2848 inceptorem,
539 2769 732 2848 praepositum
747 2773 778 2826 et
792 2767 966 2846 praefectum
985 2765 1143 2842 significat,
1163 2765 1239 2823 sicut

1 2859 3 2932 ,
126 2858 160 2912 et
189 2853 220 2911 in
236 2849 438 2937 “linctionibus
470 2853 658 2934 imperatoriis
682 2854 807 2914 invenire
833 2858 879 2912 est
910 2851 1078 2911 domaticum
1106 2849 1238 2926 Orientis,

128 2937 298 3015 Occidentis,
332 2939 493 3000 suldanum.
546 2939 603 2999 imo
633 2939 720 3000 etiam
750 2939 920 2999 domesticum
961 2955 1080 3010 macac,
1109 2933 1238 2996 donna-

127 3041 190 3083 cum
223 3027 369 3098 moenium,
395 3023 565 3085 domesticum
592 3025 745 3086 thematum.
773 3025 868 3084 sicet
893 3023 925 3082 in
947 3021 1139 3082 ecclesiasticis
1160 3021 1238 3079 ordi-

1 3183 2 3202 ,
127 3107 213 3168 nibus
243 3111 381 3170 damatam
407 3128 463 3170 vox
493 3116 655 3189 usurpatum.
700 3102 751 3173 εἴτ’
771 3101 829 3175 οὖν
850 3102 984 3194 δρχῳδδς
1006 3105 1057 3170 nnl
1078 3100 1238 3185 ἐπιστάτης

1 3209 2 3212 ’
127 3194 287 3276 μελῳδιῶν
303 3193 355 3257 nal
373 3199 436 3258 τῶν
452 3197 611 3280 μελῳδῶν,
633 3189 685 3259 οἶα
706 3195 750 3269 εἰς
774 3191 897 3274 ῥυθμὸν
915 3191 966 3255 nal
981 3191 1067 3268 τάξιν
1080 3194 1237 3254 audiencia

1 3279 2 3342 j
128 3272 287 3352 nicodeme
303 3277 356 3342 nal
375 3275 413 3342 τδ
427 3276 635 3367 μελῳδήμιιιιι.
659 3281 818 3340 donnationi
829 3283 918 3357 igitur
934 3281 1094 3338 musicorum
1109 3297 1155 3336 sau
1169 3291 1237 3335 can-

127 3365 217 3424 totum
239 3365 317 3451 ”illl
331 3365 411 3426 aliud
429 3372 469 3426 cst
492 3385 573 3446 quam
591 3363 761 3449 praefectus,
789 3368 837 3444 qui
859 3381 944 3423 munes
963 3366 1036 3440 regit
1064 3381 1108 3421 ac·
1127 3362 1235 3438 dirigit,

127 3451 343 3528 ipsosquesimul
362 3470 396 3510 aa
417 3454 551 3513 contiones
571 3457 682 3512 cunctas
695 3451 813 3530 disponit
826 3469 860 3508 oc
872 3453 902 3509 in
917 3446 1033 3508 ordinem
1046 3447 1159 3522 redigit.
1193 3451 1240 3504 est

87 3599 90 3608 ,
127 3540 226 3594 autem
246 3555 349 3596 mamus
369 3536 515 3596 domestici
538 3542 684 3596 cantonrm
705 3555 757 3595 seu
775 3533 970 3613 protopsaltee
992 3533 1022 3617 in
1044 3532 1145 3611 vigiliis
1162 3545 1239 3590 oom-

112 3654 114 3658 .
128 3619 262 3682 munibus
277 3622 352 3682 dara
368 3640 438 3684 voce
452 3622 637 3702 pronuntiare
656 3621 727 3680 illud
743 3614 906 3704 sdidynoov
926 3615 1072 3692 dionosti,
1094 3618 1172 3692 quod
1185 3633 1240 3674 nos

128 3706 248 3766 dicimus
273 3705 354 3768 “iude
373 3706 476 3768 domina
498 3699 677 3768 demdicern”
704 3725 740 3766 cx
765 3706 908 3766 sententia
930 3705 1017 3782 igitur
1041 3702 1124 3762 Citrii
1144 3702 1241 3760 dome-

128 3792 220 3851 sticus
243 3792 283 3852 nil
309 3791 387 3855 aliud
413 3797 460 3852 est
483 3811 569 3870 quam
589 3810 714 3873 prosim,
738 3795 865 3861 antistes,
882 3784 1050 3870 massacius,
1071 3805 1129 3846 uno
1151 3785 1240 3844 verbo

128 3877 238 3956 primus
248 3879 278 3937 in
292 3897 344 3936 suo
357 3895 470 3956 genere.
490 3897 543 3939 nec
556 3877 631 3938 male
652 3877 759 3936 Citrius
776 3878 922 3936 notionem
943 3874 1026 3934 huius
1047 3870 1176 3931 vocabuli
1192 3889 1241 3931 ex-

129 3963 252 4042 pressit,
265 3969 353 4040 prout
365 3963 519 4040 usurpatur
537 3981 556 4024 a
577 3963 694 4023 Graecis
709 3961 927 4037 recentioribus,
947 3959 1001 4018 etsi
1023 3957 1100 4016 haud
1122 3957 1181 4016 scio
1203 3973 1242 4018 an

129 4047 334 4108 condomestici
346 4049 377 4108 in
393 4048 446 4107 hac
459 4050 576 4108 notione
585 4049 694 4109 usitata
702 4049 741 4108 sit
750 4046 872 4126 Latinis,
890 4064 941 4105 seu
954 4043 1034 4103 novis
1045 4061 1096 4100 seu
1107 4041 1241 4117 antiquis.

129 4132 161 4192 iu
174 4132 235 4191 iure
248 4135 376 4210 profecto
393 4133 448 4192 alia
459 4135 576 4194 notione
587 4139 757 4212 usurpatur,
770 4139 805 4192 ut
820 4139 851 4192 et
862 4133 892 4190 in
910 4128 1050 4190 communi
1066 4128 1243 4204 loquentium

131 4219 344 4280 consuetudine.
364 4218 537 4279 abhacvoce
549 4220 708 4280 formarunt
719 4217 816 4278 Latini
828 4218 1036 4291 donominatum,
1045 4215 1123 4290 quod
1135 4213 1165 4272 in
1179 4213 1242 4270 iure
1355 4263 1363 4276 ,

132 4309 236 4366 exstat.
255 4310 285 4366 et
298 4305 376 4385 apud
390 4304 587 4368 Bahamonem
599 4306 630 4367 in
643 4323 751 4366 murone
766 4307 807 4371 17
820 4299 1023 4381 Apostolorum
1043 4290 1240 4382 δομεστιιιαιδ
