3050 4924
367 992 1269 1170 a1ncoa1euuusnu1

629 1297 1017 1380 PROOEMIUM.

734 1565 936 1579 Μ
967 1577 970 1588 t

173 1869 178 1888 ι
276 1753 374 1856 Ante
387 1792 494 1870 viginti,
514 1797 543 1850 et
560 1791 638 1868 quod
652 1792 781 1872 excurrit,
800 1813 889 1855 annos
902 1796 1018 1857 libenter
1031 1803 1061 1858 et
1074 1798 1221 1877 diligenter
1240 1794 1369 1876 legebam

274 1898 397 1960 libellum
425 1896 540 1973 Georgii
559 1894 662 1954 Codini
688 1896 724 1953 de
746 1896 851 1973 Officiis
868 1905 894 1958 et
919 1899 1084 1977 officialibus
1106 1919 1222 1978 magnae
1246 1899 1370 1958 ccclesiae

213 2023 215 2028 ’
276 2008 302 2060 ct
327 2001 407 2060 aulae
431 1999 595 2079 cpolitanoe.
647 1996 807 2057 testimonio
827 2018 890 2058 esse
917 2010 1035 2079 possunt
1051 2010 1136 2064 notae
1160 2004 1197 2062 ad
1216 2002 1370 2060 secundum

275 2109 384 2162 tomum
404 2103 440 2160 de
464 2103 493 2160 S.
511 2101 618 2177 Cruce,
645 2106 675 2160 et
696 2105 780 2159 notae
797 2101 835 2160 ad
849 2104 989 2184 Co'dinum
1005 2106 1189 2167 cumEthicis
1200 2102 1305 2162 Mureti
1317 2123 1371 2181 pu-

275 2205 411 2282 blicatae,
441 2209 472 2262 et
490 2202 594 2261 Facula
607 2201 718 2261 Godiuo
736 2221 866 2283 accensa,
896 2207 1026 2286 evulgata
1044 2228 1106 2269 cum
1125 2209 1250 2296 eipsdem
1265 2204 1371 2265 Mureti

221 2299 225 2306 ’
274 2309 305 2366 in
323 2307 454 2367 Tacitum
467 2305 691 2383 Commentariis,
709 2307 843 2366 consultis
857 2314 886 2369 et
906 2331 969 2372 curn
988 2313 1108 2372 editione
1127 2310 1244 2370 Iuniana
1263 2306 1371 2366 collatis

274 2410 365 2470 tribus
389 2408 494 2468 calamo
516 2407 635 2467 exaratis
656 2408 873 2492 exemplaribus,
893 2412 1003 2476 duobus
1016 2414 1143 2474 nimirum
1154 2412 1256 2472 Boicae
1272 2408 1372 2470 biblio·

274 2513 382 2588 thecae,
401 2512 485 2570 tertio
500 2508 713 2570 Lautherianae.

360 2615 452 2693 Saep'e
468 2634 486 2672 a
506 2632 550 2672 me
566 2614 707 2692 petierunt
725 2614 776 2673 viri
792 2617 868 2676 docti
885 2625 918 2678 ut
937 2618 1078 2677 Codinum
1100 2619 1136 2675 de
1154 2618 1266 2694 integro
1284 2616 1371 2673 iuter-

276 2727 410 2798 pretarer.
451 2716 608 2795 paruissem·
629 2715 684 2775 iam
708 2718 834 2797 dudum,
862 2722 887 2780 si
910 2737 961 2801 per
982 2718 1050 2777 alias
1072 2718 1282 2797 occupationes,
1314 2735 1373 2792 qua

277 2821 403 2902 publicas
423 2819 454 2876 in
471 2817 573 2878 scholis
590 2835 648 2892 qua
664 2819 788 2896 privatas
806 2822 896 2900 domi,
921 2820 1051 2882 licuisset.
1092 2839 1167 2879 nunc
1188 2839 1252 2878 curn
1272 2838 1374 2899 perpe-

278 2929 344 2980 tuus
362 2921 461 2999 capitis
487 2920 630 2997 totiusque
649 2921 773 3000 corporis
791 2920 909 2999 languor
933 2929 979 2980 sat
1005 2921 1174 2981 luculentum
1197 2923 1285 2981 otium
1308 2922 1375 2982 mihi

268 3025 435 3104 pepererit,
464 3022 620 3099 Codicum,
650 3041 686 3080 ne
710 3021 793 3100 plane
817 3023 924 3081 otiosus
950 3043 1053 3102 essem,
1086 3024 1116 3081 iu
1137 3043 1236 3084 manus
1259 3024 1376 3102 sumpsi,

275 3129 364 3205 verti,
395 3124 591 3185 commentaria
609 3122 715 3200 adieci,
743 3143 849 3182 errores
864 3125 1044 3205 gravissimos
1060 3125 1133 3185 Iunii
1146 3128 1255 3206 detexi,
1276 3128 1375 3204 utique

276 3231 306 3287 id
319 3236 369 3288 aut
381 3249 439 3288 non
453 3229 576 3286 facturus
590 3233 640 3286 aut
660 3245 744 3305 parce
764 3219 906 3304 facturus,
936 3229 1061 3304 quamvis
1077 3230 1235 3289 innumeros
1249 3227 1308 3285 eius
1328 3247 1373 3287 er-

276 3351 354 3391 rores
375 3330 622 3407 dissimulaverim,
653 3330 707 3388 nisi
726 3329 822 3388 Iunius
841 3329 925 3387 homo
947 3331 1165 3408 arrogantissimi
1186 3306 1323 3409 supercilii
1344 3335 1373 3388 et

275 3434 427 3494 catholicae
440 3433 507 3492 frdei
520 3431 733 3492 immanissimus
748 3431 838 3490 hostis
852 3431 968 3515 fuissct3
982 3434 1031 3513 qui
1045 3454 1108 3492 cum
1121 3433 1207 3492 asnis
1223 3431 1374 3491 haberetur

275 3543 305 3596 et
325 3537 516 3596 venditaretur
530 3535 688 3612 omniscius,
710 3535 855 3613 perspicue
876 3536 1001 3594 ostendit
1023 3537 1100 3594 edito
1117 3535 1229 3594 Codino
1250 3534 1303 3592 sibi
1322 3533 1375 3592 hac

275 3639 406 3716 opinione
427 3642 457 3695 et
476 3638 551 3715 fama
567 3637 629 3694 fieri
648 3637 794 3715 iniuriam,
815 3638 839 3694 si
859 3643 953 3697 tamen
966 3638 1071 3698 volenti
1084 3639 1145 3696 lieri
1158 3641 1255 3717 potest
1267 3636 1375 3710 iniuria,

276 3742 343 3817 quia
366 3740 462 3798 Iunius
485 3738 557 3798 hanc
574 3740 609 3797 de
623 3758 654 3796 se
668 3740 826 3817 opinionem
840 3745 869 3798 et
881 3741 984 3800 famam
996 3740 1108 3800 volebat
1122 3747 1152 3799 et
1171 3737 1301 3816 fovebat,
1327 3738 1378 3814 qui

276 3842 477 3920 Curopalatam
498 3842 588 3955 priup
612 3837 702 3900 edidit
730 3861 804 3901 anno
828 3843 1014 3922 redemptoris
1044 3844 1125 3906 1588
1152 3861 1186 3900 en
1209 3839 1377 3899 bibliotheca

276 3943 338 4003 lulii
352 3943 437 4022 Pacii,
455 3961 607 4021 suppresso
620 3964 671 4003 suo
686 3944 807 4021 nomine,
827 3944 871 4004 vel
884 3945 979 4024 potius
991 3945 1021 4002 in
1034 3942 1177 4003 Iudaicum
1191 3947 1378 4001 commutato:

278 4043 411 4105 Nodobuo
437 4045 511 4104 enim
538 4046 684 4122 Agmom'ur
715 4047 824 4105 senatui
848 4047 1074 4107 Francofortensi
1099 4048 1240 4107 Codinum
1267 4045 1378 4104 dedica-

277 4151 348 4222 bat;
368 4155 399 4208 et
419 4167 455 4207 ne
468 4167 526 4207 non
543 4148 612 4206 satis
630 4148 774 4210 dedicatus
789 4155 874 4228 esset,
897 4150 1017 4208 eundern
1037 4148 1137 4208 Pacius
1155 4148 1294 4206 dedicauit
1306 4147 1379 4226 Hip-

198 4307 199 4314 ,
266 4250 377 4330 ,polyto
393 4270 411 4308 a
424 4249 560 4328 Collibus,
582 4270 636 4308 suo
655 4251 683 4309 in
694 4252 847 4332 ‘practorio
861 4236 1094 4331 Heidelbergensi
1105 4250 1235 4328 collegae.
1279 4255 1379 4331 postea
