2942 4916
453 278 499 351 ln
527 224 676 354 conrnr
703 285 787 354 car.
812 267 855 355 ιἰ.
1137 289 1210 360 coo

104 461 179 500 osane
197 444 351 500 οοελίοιλοπ
366 445 488 504 οοιῐοιίοο
507 463 552 502 sec
568 447 673 502 cimelio
692 447 811 518 ομίοοομί.
846 464 894 502 nec
913 447 1044 520 superflue
1068 449 1214 509 dnae-istas

104 515 293 584 significantias
310 515 462 570 coniunctim
480 517 612 587 ponendas
631 519 736 600 censui}
754 517 813 571 huie
831 518 898 572 enim
919 519 1037 573 vestiarii
1052 521 1165 576 curatori
1183 528 1215 573 nt

105 585 217 638 vestium
234 584 353 639 custodia
369 586 515 642 nullatenus
534 586 699 654 deneganda,
725 594 763 640 rte
787 588 860 656 regia
878 587 991 642 nerana
1014 605 1075 642 cura
1093 606 1143 642 uec
1163 606 1214 642 non

104 655 144 707 rei
161 653 331 720 domesticae,
356 671 439 724 aeque
458 663 497 718 acl
508 653 666 726 privatarum
691 656 839 724 logothetae
863 661 891 708 et
909 656 981 725 aliis,
1002 658 1137 712 tribuenda
1151 657 1214 712 'cum

103 727 212 776 auctore
227 739 252 776 c.
271 722 304 790 5,
323 723 368 778 uhi
387 728 524 796 postquam
543 725 769 793 protovestiaritae
781 724 923 784 subiectum
940 723 1218 795 marcinianensi

104 788 137 844 da'
157 792 242 862 inquit
260 788 300 853 εἰς
316 787 368 856 τάς
391 788 619 862 προσφερομένας
640 792 689 848 καὶ
705 787 884 864 ἐξερχομένας
903 789 1030 859 εἰσόδους
1046 813 1075 850 τε
1096 795 1146 850 καὶ
1168 791 1212 862 ἐξ·

104 857 201 922 sidroc.
237 861 372 920 confirmat
389 863 466 918 Anna
485 863 616 918 Comnena
633 863 772 918 Aleriados
789 865 807 918 2
827 862 975 917 vestiarium
993 864 1049 917 sive
1070 863 1214 918 cubiculum

103 930 268 998 imperatoris
287 930 355 984 idem
374 931 455 987 inisse
490 932 540 984 uod
553 938 581 985 et
592 931 704 986 eiusdem
716 933 856 986 aerarinmr
879 933 1021 1004 Βυζαντίῳ
1033 928 1067 986 dt
1077 951 1133 986 τινι
1143 929 1211 987 καθ’

103 994 176 1056 ὁδὸν
192 992 449 1120 incompactae
469 950 607 1072 ἓαλάντια
626 995 710 1055 ἱκανά
728 995 919 1072 ἐπιφερομένῳ
939 997 1074 1070 καὶπρὸς
1094 997 1147 1071 τὴν
1166 1019 1213 1070 με·

104 1063 838 1206 didit5²tttittlt'tatlitoti‘titti
861 1065 1096 1194 itttt‘titl
1118 1066 1213 1195 ”iiii

104 1174 344 1274 ἔπιφὲρεται’άπό
373 1157 466 1262 τινωνη
482 1204 668 1277 εἰσπράξεων,
688 1157 740 1262 irini
756 1202 800 1263 ὅτι
816 1202 888 1275 πρὸς
903 1203 954 1262 τὸν
970 1210 1092 1264 κοιτῶνα
1106 1159 1214 1264 iiidcccl

105 1273 272 1341 διακομίζει.
307 1275 384 1328 hodie
405 1277 502 1346 pariter
518 1277 644 1330 aerarium
667 1282 694 1332 et
709 1277 789 1331 fiscus
807 1278 955 1348 pontificius
972 1295 1091 1332 camerae
1107 1286 1215 1347 aposto·
1250 1277 1260 1301 ⁹

106 1344 175 1396 lione
194 1342 296 1396 uomina
316 1343 483 1415 indigitetur,
505 1347 534 1400 ln
558 1365 677 1410 οοοιοτος
698 1363 860 1416 summusque
884 1348 1038 1400 camerarius
1063 1347 1213 1417 apostolicis

105 1428 211 1482 quoque
230 1411 303 1479 gazis
320 1415 483 1482 praeficitur,
511 1409 527 1469 ri
550 1411 766 1484 προκαθήμενος
788 1416 841 1468 τοῦ
865 1415 1037 1502 pantapten,
1060 1433 1136 1486 quem
1158 1413 1212 1469 L‘eo

106 1479 338 1604 (ἔτοοιχιχοιίχοιχο
356 1483 525 1540 Constantino
537 1483 633 1540 Leonis
650 1485 704 1542 filio
737 1502 939 1556 πριμμικηριον
950 1486 1001 1539 τοῦ
1014 1485 1157 1558 βασιλικοῦ
1167 1484 1213 1555 βε-

106 1565 188 1618 οτιαρ
218 1567 236 1602 ν
270 1565 328 1605 nn.

177 1671 204 1724 p.
225 1655 258 1708 11
276 1671 301 1710 r.
318 1654 362 1708 21.
389 1648 405 1709 ci
425 1647 590 1778 panvinianae]
616 1655 763 1709 vestarium
781 1657 849 1710 huuc
870 1673 946 1710 censa
963 1656 1164 1728 protovestiario
1186 1661 1214 1710 et

105 1722 225 1776 vestiarii
242 1723 374 1793 praefecto
394 1739 424 1776 su
441 1723 545 1778 iactum.
588 1723 643 1778 eins
665 1725 827 1796 praecipuum
849 1743 938 1780 munus
958 1732 998 1779 est
1024 1743 1121 1780 summa
1143 1727 1215 1779 circa

105 1791 258 1849 ,vestiarium
277 1791 411 1861 vigilantia
433 1809 465 1846 ac
487 1793 541 1845 eius
558 1800 685 1862 perpetua
705 1809 783 1862 cnra;
806 1795 873 1848 unda
891 1801 919 1848 et
937 1795 1099 1866 expeditione
1116 1795 1214 1848 marina

107 1869 231 1930 suscepta
249 1861 344 1914 triremi
363 1859 425 1914 illud
442 1861 589 1933 deportanti
605 1862 727 1933 imperat,
747 1880 780 1917 aa
792 1864 846 1918 eins
864 1863 976 1918 triremis
995 1865 1069 1919 velut
1087 1865 1214 1936 apotheca
1241 1883 1244 1894 ·

107 1929 231 2004 sacharia
246 1930 436 2000 imperatoriam
453 1929 578 2001 sequitur.
612 1938 702 1984 auctor
718 1949 739 1986 c.
765 1933 791 1992 5.

125 2101 133 2116 .
176 2051 203 2103 p.
223 2035 295 2155 litura·
315 2036 339 2089 1.
357 2027 374 2088 ri
394 2025 572 2104 ἕταιριάρχης
586 2033 654 2088 idem
667 2034 753 2088 officio
772 2051 804 2088 ac
820 2026 1109 2106 μέηαςὲταιριάρχης,
1127 2051 1216 2088 varum

108 2119 134 2156 er
148 2119 253 2173 snpposr
295 2141 302 2156 .

178 2206 212 2262 ih.
229 2222 259 2260 v.
277 2207 303 2259 2.
338 2199 354 2259 ri
373 2199 557 2274 λοχαριαοτὴς
569 2204 619 2275 τῆς
637 2201 723 2276 αὐλῆς
741 2205 839 2266 aulicus
850 2205 1040 2274 thesaurarius,
1061 2206 1106 2276 qui
1117 2205 1215 2260 meritis

109 2279 138 2328 at
151 2273 281 2344 obsequiis
294 2274 419 2344 stipendia
437 2280 573 2345 exaequat.
609 2281 636 2329 at
650 2293 702 2328 non
719 2285 771 2330 tam
788 2277 913 2329 rationum
933 2276 1026 2329 aerarii
1045 2293 1122 2345 quam
1141 2275 1216 2328 mini-

108 2344 246 2398 steriorum
262 2343 390 2398 discussor
407 2359 438 2397 ac
456 2345 614 2412 disceptator
629 2345 725 2398 existit.
759 2351 849 2397 auctor
864 2345 897 2398 de
915 2345 958 2399 illo
969 2344 1072 2400 uberius
1085 2363 1110 2399 c.
1123 2346 1149 2400 9.
1168 2360 1216 2398 nos

110 2413 143 2467 de
162 2411 320 2482 lugarinsta,
337 2413 381 2468 ubi
394 2412 428 2466 de
444 2413 530 2482 magni
547 2414 622 2466 huius
639 2412 748 2466 nominis
766 2412 862 2467 officio.

178 2515 213 2572 ih.
229 2533 257 2569 v.
271 2513 296 2570 3.
313 2509 329 2570 ὃ
349 2509 593 2584 στρατοπεδάρχης
610 2514 666 2569 τῶν
680 2511 871 2581 Μοορτάτων]
886 2514 931 2585 qni
944 2515 997 2570 sint
1010 2513 1119 2568 Mnrtati
1135 2514 1216 2568 conii-

110 2601 171 2640 cere
186 2584 303 2653 quidem,
328 2591 356 2638 at
370 2602 420 2638 non
439 2590 511 2638 certo
525 2586 637 2654 probare
651 2601 792 2654 possumus.
829 2590 869 2637 est
886 2588 957 2638 certe
972 2585 1093 2654 peritton
1111 2585 1215 2651 seditio,

109 2657 251 2714 tumultus,
275 2654 344 2724 apud
359 2654 552 2708 constantinum
566 2653 815 2722 Porphyrogeuitum
838 2653 865 2705 in
882 2653 954 2706 Nor.
974 2650 1135 2722 ἐπιβουλαῖς
1156 2646 1216 2705 ἐπι-

108 2727 212 2794 χειρεῖν
230 2715 250 2792 ἢ
266 2719 384 2794 podica.
419 2723 492 2776 cuius
516 2723 667 2776 sententiam
690 2723 805 2776 referens
828 2721 975 2776 Matthaeus
1001 2721 1134 2774 Blastares
1150 2721 1215 2776 Ele-

110 2793 189 2846 menti
203 2793 231 2844 Σ
243 2811 267 2845 c.
285 2794 326 2847 11.
341 2793 368 2845 in
385 2793 497 2848 Nomoc.
515 2792 605 2846 scribit
617 2788 729 2862 μούρτςο
747 2788 935 2862 τίοομούλτφε
953 2791 1137 2844 recentioribus
1150 2791 1216 2844 enirn

111 2867 127 2916 λ
144 2862 172 2914 in
192 2879 208 2929 ρ
228 2866 325 2914 mutare
362 2879 419 2914 uam
435 2861 575 2927 familiare,
598 2871 627 2913 ut
643 2851 731 2929 ἦρθες
747 2861 805 2914 vice
821 2850 924 2928 ἦλθες,
949 2854 1076 2928 άρμορόν
1093 2860 1150 2912 vice
1164 2855 1214 2914 άλ-

110 2925 210 3000 μορόν.
245 2880 431 2985 reverimini
451 2926 575 3000 potiendo
594 2926 777 2998 Μοορτάτοι,
806 2946 856 2982 uon
879 2929 923 3012 qui
942 2931 1073 2982 tumultum
1092 2933 1214 2993 excitent,

111 3000 158 3054 aed
173 2999 218 3069 qui
230 3008 393 3068 compescant
407 2999 605 3053 silentiariorum
626 3000 699 3068 vice,
718 3000 761 3052 vel
780 2999 856 3052 ctiam
873 3015 897 3051 οι
914 3000 1048 3052 tumultum
1072 2999 1160 3063 edant,
1183 2999 1217 3050 ad

110 3067 285 3138 reverentiam
309 3067 455 3138 imperatori
481 3068 662 3136 exhibendam,
693 3069 766 3123 velot
788 3067 932 3139 praesentia
955 3068 1096 3121 maiestatis
1118 3068 1216 3134 signum

112 3139 207 3204 edunt,
230 3137 349 3190 literatus
373 3138 458 3190 lector
481 3137 610 3192 iudicabit.
654 3137 785 3191 Murtatos
804 3153 882 3206 porro
906 3137 1084 3190 stationarium
1110 3137 1217 3189 militum

111 3223 205 3276 agmen
223 3223 282 3258 esse
300 3205 361 3258 nulli
378 3206 499 3276 dubium,
518 3212 549 3259 ut
567 3223 655 3262 eorum
674 3207 764 3261 ducem
779 3201 1042 3276 στρατοπεδάρχην,
1070 3205 1114 3276 qui
1131 3205 1215 3260 Leoni

104 3277 139 3346 ,in
158 3274 275 3330 Tacticis
288 3271 513 3344 καμπιὸούκτοορ.

181 3379 220 3434 il.
238 3394 265 3432 v.
285 3378 310 3432 4.
330 3378 386 3431 τῶν
406 3375 567 3446 Τζακόνοον]
601 3378 718 3432 Laconas
736 3377 812 3430 hodie
826 3375 914 3430 vocari
927 3376 1064 3431 Tzaconas
1081 3370 1219 3432 reete'ob-

112 3451 252 3502 servarunt
267 3464 301 3500 ex
318 3448 439 3515 Gregora
455 3447 509 3501 lt
534 3447 679 3513 Meursius,
706 3448 864 3511 Gretserus,
885 3447 1070 3516 Bullengerusr
1100 3454 1221 3517 corrupte

112 3527 199 3572 tamen
216 3516 250 3580 τζ
258 3516 316 3570 vice
332 3518 347 3569 λ
364 3516 485 3571 substitui
499 3516 604 3569 infitior.
640 3522 699 3569 sunt
709 3516 797 3584 itaque
807 3516 1079 3585 Taacouesgermana
1091 3517 1222 3588 populari-

115 3604 167 3658 que
183 3585 390 3655 pronuntiatione
406 3603 421 3638 a
440 3585 569 3639 Tzaonnia
588 3585 759 3655 Peloponnesi
777 3592 877 3650 monte,
903 3585 946 3655 qui
965 3586 1077 3655 antiquis
1099 3587 1222 3638 Cronium

113 3663 156 3711 eat
173 3663 297 3720 vocatus,
319 3653 427 3708 oriundi.
460 3653 499 3706 ita
523 3654 654 3707 Gemistus
676 3653 742 3723 apud
761 3654 887 3708 Ortelinm
905 3660 932 3707 et
949 3655 1079 3722 Georgius
1099 3657 1223 3707 Coresius

112 3725 141 3778 in
156 3724 300 3795 rescriptis.
336 3724 483 3792 magistrum
499 3739 578 3793 porro
596 3721 780 3788 Tzaconitam,
797 3723 831 3776 de
846 3739 897 3793 quo
916 3723 1091 3793 Luitprandns
1106 3723 1133 3776 in
1150 3723 1223 3790 lega-

113 3795 200 3916 tippre,
218 3811 276 3848 esse
294 3793 361 3846 hunc
378 3793 434 3846 τῶν
453 3788 604 3859 Τζακάναν
620 3787 866 3861 στρατοπεδάρχην
884 3793 953 3846 nullo
968 3797 1074 3848 anctore
1090 3792 1223 3846 Maursius

113 3865 144 3918 ai
175 3870 237 3917 mat.

183 3948 221 4000 ih.
240 3964 265 4002 v.
281 3945 308 4002 5.
342 3941 550 4017 μονοκάβαλλοι
565 3946 642 4000 iidem
660 3947 705 4016 qui
721 3942 875 4017 μόνιπποι,
892 3944 967 3998 unico
984 3948 1128 4013 pugnantes
1144 3960 1220 4014 equo.

115 4018 166 4071 hos
187 4016 364 4087 Palaephatus
378 4011 498 4083 κέλητας
512 4023 604 4082 vocat,
624 4015 721 4070 Plinius
737 4016 772 4070 ³4
788 4015 806 4071 5
820 4017 929 4080 caletes,
952 4013 1053 4066 Seneca
1070 4016 1222 4084 singulatu-

116 4103 159 4140 res
179 4087 213 4140 ab
231 4102 300 4171 οχοο
316 4084 440 4153 singulari
457 4101 508 4153 quo
534 4088 680 4140 utebantur.
714 4081 796 4154 κε’λης
817 4083 913 4139 Snidae
938 4076 1025 4150 μόνον
1048 4079 1150 4152 ἵππος,
1172 4081 1222 4138 καὶ

116 4151 133 4208 ci
153 4147 202 4209 tal
217 4171 320 4209 τουτον
337 4149 504 4222 φερόμενος·
523 4149 538 4206 ὁ
556 4150 712 4224 οελλάριος,
739 4149 755 4209 d
778 4149 888 4222 γυμνός.
922 4149 972 4204 καὶ
987 4147 1073 4212 ἵππος
1090 4148 1121 4206 di
1138 4148 1222 4220 κέλης
1239 4217 1242 4224 Ι

116 4219 265 4348 ὂχομνόχἰ
306 4222 458 4346 τοχολίοῗχχο
484 4219 728 4350 (ὶτοοτχχειθιχέλης
750 4222 837 4286 ἵππος
857 4215 1015 4293 μονάμπυξ.
1049 4221 1125 4292 plura
1147 4222 1220 4276 Her-

115 4310 224 4350 mannus
267 4310 316 4365 ugo
353 4310 406 4348 ern
448 4307 601 4364 raequesr
671 4332 678 4350 .
