<?xml version="1.0" encoding="UTF-8"?>
<!DOCTYPE html PUBLIC "-//W3C//DTD XHTML 1.0 Transitional//EN"
    "http://www.w3.org/TR/xhtml1/DTD/xhtml1-transitional.dtd">
<html xmlns="http://www.w3.org/1999/xhtml" xml:lang="en" lang="en">
 <head>
  <title>
</title>
<meta http-equiv="Content-Type" content="text/html;charset=utf-8" />
  <meta name='ocr-system' content='tesseract 3.04.00' />
  <meta name='ocr-capabilities' content='ocr_page ocr_carea ocr_par ocr_line ocrx_word'/>
</head>
<body>
  <div class='ocr_page' id='page_1' title='image "./deofficialibusp01bekkgoog/deofficialibusp01bekkgoog_0241.png"; bbox 0 0 2942 4916; ppageno 0'>
   <div class='ocr_carea' id='block_1_1' title="bbox 257 305 1191 383">
    <p class='ocr_par' dir='ltr' id='par_1_1' title="bbox 257 305 1191 383">
     <span class='ocr_line' id='line_1_1' title="bbox 257 305 1191 383; baseline -0.001 -4"><span class='ocrx_word' id='word_1_1' title='bbox 257 310 332 380; x_wconf 73' lang='lat'><strong>220</strong></span> <span class='ocrx_word' id='word_1_2' title='bbox 415 307 624 378; x_wconf 83' lang='lat' dir='ltr'>GRETSERI</span> <span class='ocrx_word' id='word_1_3' title='bbox 636 309 692 378; x_wconf 83' lang='lat' dir='ltr'><strong>ET</strong></span> <span class='ocrx_word' id='word_1_4' title='bbox 710 307 844 380; x_wconf 77' lang='lat' dir='ltr'><strong>eoum</strong></span> <span class='ocrx_word' id='word_1_5' title='bbox 858 305 1191 383; x_wconf 80' lang='lat' dir='ltr'>COMMENTARIUS</span> 
     </span>
    </p>
   </div>
   <div class='ocr_carea' id='block_1_2' title="bbox 252 469 1357 895">
    <p class='ocr_par' dir='ltr' id='par_1_2' title="bbox 252 469 1357 895">
     <span class='ocr_line' id='line_1_2' title="bbox 256 469 1357 556; baseline 0.002 -26"><span class='ocrx_word' id='word_1_6' title='bbox 256 489 331 531; x_wconf 88' lang='lat' dir='ltr'><strong>nunc</strong></span> <span class='ocrx_word' id='word_1_7' title='bbox 346 489 428 548; x_wconf 86' lang='lat' dir='ltr'><strong>reges</strong></span> <span class='ocrx_word' id='word_1_8' title='bbox 442 469 626 550; x_wconf 69' lang='lat' dir='ltr'><strong>appellantur.</strong></span> <span class='ocrx_word' id='word_1_9' title='bbox 645 471 708 548; x_wconf 88' lang='lat' dir='ltr'><strong>qnis</strong></span> <span class='ocrx_word' id='word_1_10' title='bbox 723 477 809 549; x_wconf 84' lang='lat' dir='ltr'><strong>neget</strong></span> <span class='ocrx_word' id='word_1_11' title='bbox 821 470 876 531; x_wconf 89' lang='lat' dir='ltr'><strong>hoc</strong></span> <span class='ocrx_word' id='word_1_12' title='bbox 896 489 914 532; x_wconf 90' lang='lat' dir='ltr'><strong>a</strong></span> <span class='ocrx_word' id='word_1_13' title='bbox 932 491 999 532; x_wconf 85' lang='lat' dir='ltr'><strong>vero</strong></span> <span class='ocrx_word' id='word_1_14' title='bbox 1014 473 1096 533; x_wconf 86' lang='lat' dir='ltr'><strong>nimis</strong></span> <span class='ocrx_word' id='word_1_15' title='bbox 1112 479 1253 556; x_wconf 71' lang='lat' dir='ltr'><strong>remotius</strong></span> <span class='ocrx_word' id='word_1_16' title='bbox 1275 473 1357 534; x_wconf 71' lang='lat' dir='ltr'><strong>esset</strong></span> 
     </span>
     <span class='ocr_line' id='line_1_3' title="bbox 254 556 1355 638; baseline 0.003 -24"><span class='ocrx_word' id='word_1_17' title='bbox 254 557 359 636; x_wconf 87' lang='lat' dir='ltr'><strong>primus</strong></span> <span class='ocrx_word' id='word_1_18' title='bbox 369 557 442 617; x_wconf 88' lang='lat' dir='ltr'><strong>enim</strong></span> <span class='ocrx_word' id='word_1_19' title='bbox 455 556 573 617; x_wconf 76' lang='lat' dir='ltr'>Carolus</span> <span class='ocrx_word' id='word_1_20' title='bbox 585 575 704 634; x_wconf 81' lang='lat' dir='ltr'><strong>magnus</strong></span> <span class='ocrx_word' id='word_1_21' title='bbox 714 563 744 637; x_wconf 89' lang='lat' dir='ltr'><strong>et</strong></span> <span class='ocrx_word' id='word_1_22' title='bbox 754 557 801 616; x_wconf 82' lang='lat' dir='ltr'><strong>alii</strong></span> <span class='ocrx_word' id='word_1_23' title='bbox 809 558 1025 618; x_wconf 69' lang='lat' dir='ltr'><strong>nominabantur</strong></span> <span class='ocrx_word' id='word_1_24' title='bbox 1035 559 1144 638; x_wconf 84' lang='lat' dir='ltr'><strong>patricii</strong></span> <span class='ocrx_word' id='word_1_25' title='bbox 1154 559 1355 618; x_wconf 86' lang='lat' dir='ltr'><strong>Romanorum.</strong></span> 
     </span>
     <span class='ocr_line' id='line_1_4' title="bbox 253 640 1357 723; baseline 0.004 -25"><span class='ocrx_word' id='word_1_26' title='bbox 253 661 291 698; x_wconf 92' lang='lat' dir='ltr'><strong>an</strong></span> <span class='ocrx_word' id='word_1_27' title='bbox 301 642 364 700; x_wconf 89' lang='lat' dir='ltr'><strong>ideo</strong></span> <span class='ocrx_word' id='word_1_28' title='bbox 374 659 454 719; x_wconf 86' lang='lat' dir='ltr'><strong>reges</strong></span> <span class='ocrx_word' id='word_1_29' title='bbox 464 640 656 702; x_wconf 87' lang='lat' dir='ltr'><strong>Romanorum</strong></span> <span class='ocrx_word' id='word_1_30' title='bbox 664 641 709 700; x_wconf 88' lang='lat' dir='ltr'><strong>vel</strong></span> <span class='ocrx_word' id='word_1_31' title='bbox 719 648 800 700; x_wconf 87' lang='lat' dir='ltr'><strong>erant</strong></span> <span class='ocrx_word' id='word_1_32' title='bbox 809 643 1058 704; x_wconf 75' lang='lat' dir='ltr'><strong>velhabebantnri</strong></span> <span class='ocrx_word' id='word_1_33' title='bbox 1071 649 1101 704; x_wconf 90' lang='lat' dir='ltr'><strong>at</strong></span> <span class='ocrx_word' id='word_1_34' title='bbox 1108 645 1228 704; x_wconf 87' lang='lat' dir='ltr'><strong>Carolus</strong></span> <span class='ocrx_word' id='word_1_35' title='bbox 1236 663 1357 723; x_wconf 78' lang='lat' dir='ltr'><strong>magnus</strong></span> 
     </span>
     <span class='ocr_line' id='line_1_5' title="bbox 252 727 1357 808; baseline 0.003 -25"><span class='ocrx_word' id='word_1_36' title='bbox 252 731 404 804; x_wconf 89' lang='lat' dir='ltr'><strong>postquam</strong></span> <span class='ocrx_word' id='word_1_37' title='bbox 413 727 603 787; x_wconf 87' lang='lat' dir='ltr'><strong>Romanorum</strong></span> <span class='ocrx_word' id='word_1_38' title='bbox 613 728 763 806; x_wconf 84' lang='lat' dir='ltr'><strong>imperator</strong></span> <span class='ocrx_word' id='word_1_39' title='bbox 773 733 883 786; x_wconf 89' lang='lat' dir='ltr'><strong>oreatus</strong></span> <span class='ocrx_word' id='word_1_40' title='bbox 894 734 924 787; x_wconf 92' lang='lat' dir='ltr'><strong>et</strong></span> <span class='ocrx_word' id='word_1_41' title='bbox 933 727 1026 808; x_wconf 88' lang='lat' dir='ltr'><strong>palam</strong></span> <span class='ocrx_word' id='word_1_42' title='bbox 1036 729 1231 808; x_wconf 84' lang='lat' dir='ltr'><strong>promulgatus</strong></span> <span class='ocrx_word' id='word_1_43' title='bbox 1242 737 1297 808; x_wconf 73' lang='lat' dir='ltr'><strong>est,</strong></span> <span class='ocrx_word' id='word_1_44' title='bbox 1309 731 1357 787; x_wconf 86' lang='lat' dir='ltr'><strong>de-</strong></span> 
     </span>
     <span class='ocr_line' id='line_1_6' title="bbox 252 809 1357 895; baseline 0.005 -27"><span class='ocrx_word' id='word_1_45' title='bbox 252 811 439 891; x_wconf 87' lang='lat' dir='ltr'><strong>siitappellari</strong></span> <span class='ocrx_word' id='word_1_46' title='bbox 447 813 578 892; x_wconf 88' lang='lat' dir='ltr'><strong>patricius</strong></span> <span class='ocrx_word' id='word_1_47' title='bbox 585 809 784 872; x_wconf 86' lang='lat' dir='ltr'><strong>Romanorum.</strong></span> <span class='ocrx_word' id='word_1_48' title='bbox 800 814 868 888; x_wconf 90' lang='lat' dir='ltr'><strong>quid</strong></span> <span class='ocrx_word' id='word_1_49' title='bbox 879 814 961 874; x_wconf 80' lang='lat' dir='ltr'><strong>tum‘l</strong></span> <span class='ocrx_word' id='word_1_50' title='bbox 975 835 1013 876; x_wconf 88' lang='lat' dir='ltr'><strong>an</strong></span> <span class='ocrx_word' id='word_1_51' title='bbox 1022 815 1097 894; x_wconf 85' lang='lat' dir='ltr'><strong>ideo,</strong></span> <span class='ocrx_word' id='word_1_52' title='bbox 1107 837 1171 876; x_wconf 86' lang='lat' dir='ltr'><strong>oum</strong></span> <span class='ocrx_word' id='word_1_53' title='bbox 1183 822 1260 875; x_wconf 86' lang='lat' dir='ltr'><strong>esset</strong></span> <span class='ocrx_word' id='word_1_54' title='bbox 1268 816 1357 895; x_wconf 83' lang='lat' dir='ltr'><strong>patri-</strong></span> 
     </span>
    </p>
   </div>
   <div class='ocr_carea' id='block_1_3' title="bbox 158 896 1357 980">
    <p class='ocr_par' dir='ltr' id='par_1_3' title="bbox 158 896 1357 980">
     <span class='ocr_line' id='line_1_7' title="bbox 158 896 1357 980; baseline 0.003 -26"><span class='ocrx_word' id='word_1_55' title='bbox 158 907 162 914; x_wconf 88' lang='grc'><strong>’</strong></span> <span class='ocrx_word' id='word_1_56' title='bbox 252 897 321 974; x_wconf 84' lang='lat' dir='ltr'><strong>cim,</strong></span> <span class='ocrx_word' id='word_1_57' title='bbox 336 915 384 956; x_wconf 89' lang='lat' dir='ltr'><strong>rex</strong></span> <span class='ocrx_word' id='word_1_58' title='bbox 397 896 587 957; x_wconf 88' lang='lat' dir='ltr'><strong>Romanorum</strong></span> <span class='ocrx_word' id='word_1_59' title='bbox 597 897 681 956; x_wconf 82' lang='lat' dir='ltr'><strong>erat‘l</strong></span> <span class='ocrx_word' id='word_1_60' title='bbox 703 898 728 956; x_wconf 86' lang='lat' dir='ltr'><strong>si</strong></span> <span class='ocrx_word' id='word_1_61' title='bbox 743 898 806 974; x_wconf 89' lang='lat' dir='ltr'><strong>quis</strong></span> <span class='ocrx_word' id='word_1_62' title='bbox 820 904 932 958; x_wconf 85' lang='lat' dir='ltr'><strong>exterae</strong></span> <span class='ocrx_word' id='word_1_63' title='bbox 945 901 1067 960; x_wconf 88' lang='lat' dir='ltr'><strong>nationis</strong></span> <span class='ocrx_word' id='word_1_64' title='bbox 1083 902 1217 980; x_wconf 85' lang='lat' dir='ltr'><strong>patricius</strong></span> <span class='ocrx_word' id='word_1_65' title='bbox 1230 900 1357 960; x_wconf 82' lang='lat' dir='ltr'><strong>Venetus</strong></span> 
     </span>
    </p>
   </div>
   <div class='ocr_carea' id='block_1_4' title="bbox 184 981 1357 2999">
    <p class='ocr_par' dir='ltr' id='par_1_4' title="bbox 184 981 1357 2999">
     <span class='ocr_line' id='line_1_8' title="bbox 229 981 1357 1073; baseline 0.003 -33"><span class='ocrx_word' id='word_1_66' title='bbox 229 986 391 1073; x_wconf 52' lang='lat' dir='ltr'><strong>qcrearetur</strong></span> <span class='ocrx_word' id='word_1_67' title='bbox 404 984 462 1042; x_wconf 82' lang='lat' dir='ltr'><strong>dux</strong></span> <span class='ocrx_word' id='word_1_68' title='bbox 472 981 607 1060; x_wconf 87' lang='lat' dir='ltr'><strong>Venetus,</strong></span> <span class='ocrx_word' id='word_1_69' title='bbox 623 983 731 1061; x_wconf 89' lang='lat' dir='ltr'><strong>patricii</strong></span> <span class='ocrx_word' id='word_1_70' title='bbox 745 985 960 1062; x_wconf 81' lang='lat' dir='ltr'><strong>nomenatique</strong></span> <span class='ocrx_word' id='word_1_71' title='bbox 975 987 1125 1045; x_wconf 87' lang='lat' dir='ltr'><strong>omitteret.</strong></span> <span class='ocrx_word' id='word_1_72' title='bbox 1141 1006 1179 1046; x_wconf 87' lang='lat' dir='ltr'><strong>an</strong></span> <span class='ocrx_word' id='word_1_73' title='bbox 1192 987 1258 1044; x_wconf 90' lang='lat' dir='ltr'><strong>ideo</strong></span> <span class='ocrx_word' id='word_1_74' title='bbox 1272 993 1357 1043; x_wconf 87' lang='lat' dir='ltr'><strong>antea</strong></span> 
     </span>
     <span class='ocr_line' id='line_1_9' title="bbox 250 1065 1356 1148; baseline 0.004 -24"><span class='ocrx_word' id='word_1_75' title='bbox 250 1085 300 1124; x_wconf 85' lang='lat' dir='ltr'><strong>rex</strong></span> <span class='ocrx_word' id='word_1_76' title='bbox 309 1065 480 1128; x_wconf 86' lang='lat' dir='ltr'><strong>Venetorum</strong></span> <span class='ocrx_word' id='word_1_77' title='bbox 492 1067 613 1127; x_wconf 81' lang='lat' dir='ltr'><strong>tuisset‘l</strong></span> <span class='ocrx_word' id='word_1_78' title='bbox 628 1068 771 1128; x_wconf 84' lang='lat' dir='ltr'><strong>alieniuse</strong></span> <span class='ocrx_word' id='word_1_79' title='bbox 784 1089 850 1128; x_wconf 89' lang='lat' dir='ltr'><strong>vero</strong></span> <span class='ocrx_word' id='word_1_80' title='bbox 864 1075 919 1148; x_wconf 87' lang='lat' dir='ltr'><strong>est,</strong></span> <span class='ocrx_word' id='word_1_81' title='bbox 928 1072 1005 1147; x_wconf 92' lang='lat' dir='ltr'><strong>quod</strong></span> <span class='ocrx_word' id='word_1_82' title='bbox 1016 1071 1057 1130; x_wconf 87' lang='lat' dir='ltr'><strong>ait</strong></span> <span class='ocrx_word' id='word_1_83' title='bbox 1065 1072 1140 1130; x_wconf 90' lang='lat' dir='ltr'><strong>idem</strong></span> <span class='ocrx_word' id='word_1_84' title='bbox 1151 1069 1288 1130; x_wconf 83' lang='lat' dir='ltr'><strong>Glossarii</strong></span> <span class='ocrx_word' id='word_1_85' title='bbox 1298 1071 1356 1128; x_wconf 87' lang='lat' dir='ltr'><strong>col-</strong></span> 
     </span>
     <span class='ocr_line' id='line_1_10' title="bbox 250 1152 1357 1236; baseline 0.004 -26"><span class='ocrx_word' id='word_1_86' title='bbox 250 1152 357 1232; x_wconf 82' lang='lat' dir='ltr'><strong>lector,</strong></span> <span class='ocrx_word' id='word_1_87' title='bbox 376 1156 557 1233; x_wconf 79' lang='lat' dir='ltr'><strong>imperotoren</strong></span> <span class='ocrx_word' id='word_1_88' title='bbox 569 1153 838 1214; x_wconf 73' lang='lat' dir='ltr'><strong>rebmeodermrtieis</strong></span> <span class='ocrx_word' id='word_1_89' title='bbox 852 1159 981 1234; x_wconf 81' lang='lat' dir='ltr'><strong>tanquam</strong></span> <span class='ocrx_word' id='word_1_90' title='bbox 998 1171 1146 1234; x_wconf 69' lang='lat' dir='ltr'><strong>supremum</strong></span> <span class='ocrx_word' id='word_1_91' title='bbox 1168 1162 1251 1236; x_wconf 82' lang='lat' dir='ltr'><strong>oopot</strong></span> <span class='ocrx_word' id='word_1_92' title='bbox 1272 1175 1357 1234; x_wconf 85' lang='lat' dir='ltr'><strong>proe-</strong></span> 
     </span>
     <span class='ocr_line' id='line_1_11' title="bbox 247 1237 1355 1318; baseline 0.002 -20"><span class='ocrx_word' id='word_1_93' title='bbox 247 1237 352 1317; x_wconf 77' lang='lat' dir='ltr'><strong>suisse‚</strong></span> <span class='ocrx_word' id='word_1_94' title='bbox 370 1245 396 1298; x_wconf 79' lang='lat' dir='ltr'><strong>et</strong></span> <span class='ocrx_word' id='word_1_95' title='bbox 408 1239 460 1300; x_wconf 79' lang='lat' dir='ltr'><strong>lino</strong></span> <span class='ocrx_word' id='word_1_96' title='bbox 471 1239 646 1318; x_wconf 78' lang='lat' dir='ltr'><strong>injunctione</strong></span> <span class='ocrx_word' id='word_1_97' title='bbox 658 1241 804 1318; x_wconf 82' lang='lat' dir='ltr'><strong>patricium</strong></span> <span class='ocrx_word' id='word_1_98' title='bbox 823 1241 894 1298; x_wconf 81' lang='lat' dir='ltr'><strong>vicar</strong></span> <span class='ocrx_word' id='word_1_99' title='bbox 906 1241 964 1299; x_wconf 78' lang='lat' dir='ltr'><strong>einr</strong></span> <span class='ocrx_word' id='word_1_100' title='bbox 984 1244 1077 1316; x_wconf 78' lang='lat' dir='ltr'><strong>egisse.</strong></span> <span class='ocrx_word' id='word_1_101' title='bbox 1097 1242 1185 1317; x_wconf 89' lang='lat' dir='ltr'><strong>idque</strong></span> <span class='ocrx_word' id='word_1_102' title='bbox 1200 1240 1306 1318; x_wconf 86' lang='lat' dir='ltr'><strong>probat</strong></span> <span class='ocrx_word' id='word_1_103' title='bbox 1320 1260 1355 1300; x_wconf 82' lang='lat' dir='ltr'><strong>ex</strong></span> 
     </span>
     <span class='ocr_line' id='line_1_12' title="bbox 251 1323 1355 1405; baseline 0.002 -25"><span class='ocrx_word' id='word_1_104' title='bbox 251 1323 444 1401; x_wconf 86' lang='lat' dir='ltr'><strong>disputatione</strong></span> <span class='ocrx_word' id='word_1_105' title='bbox 469 1323 631 1400; x_wconf 69' lang='lat' dir='ltr'><strong>etegerit,</strong></span> <span class='ocrx_word' id='word_1_106' title='bbox 662 1323 709 1381; x_wconf 93' lang='lat' dir='ltr'><strong>ubi</strong></span> <span class='ocrx_word' id='word_1_107' title='bbox 731 1324 799 1382; x_wconf 81' lang='lat' dir='ltr'><strong>dicit</strong></span> <span class='ocrx_word' id='word_1_108' title='bbox 815 1323 913 1382; x_wconf 85' lang='lat' dir='ltr'><strong>Erban</strong></span> <span class='ocrx_word' id='word_1_109' title='bbox 937 1324 1089 1404; x_wconf 70' lang='lat' dir='ltr'><strong>luderem,</strong></span> <span class='ocrx_word' id='word_1_110' title='bbox 1117 1326 1251 1405; x_wconf 75' lang='lat' dir='ltr'><strong>baptismi</strong></span> <span class='ocrx_word' id='word_1_111' title='bbox 1270 1327 1355 1384; x_wconf 90' lang='lat' dir='ltr'><strong>undis</strong></span> 
     </span>
     <span class='ocr_line' id='line_1_13' title="bbox 251 1407 1355 1492; baseline 0.005 -26"><span class='ocrx_word' id='word_1_112' title='bbox 251 1409 308 1466; x_wconf 87' lang='lat' dir='ltr'><strong>iem</strong></span> <span class='ocrx_word' id='word_1_113' title='bbox 323 1407 465 1486; x_wconf 87' lang='lat' dir='ltr'><strong>ablutum,</strong></span> <span class='ocrx_word' id='word_1_114' title='bbox 486 1414 608 1468; x_wconf 83' lang='lat' dir='ltr'><strong>creatum</strong></span> <span class='ocrx_word' id='word_1_115' title='bbox 622 1426 684 1466; x_wconf 89' lang='lat' dir='ltr'><strong>esse</strong></span> <span class='ocrx_word' id='word_1_116' title='bbox 699 1427 797 1486; x_wconf 85' lang='lat' dir='ltr'><strong>aroge</strong></span> <span class='ocrx_word' id='word_1_117' title='bbox 812 1407 1021 1470; x_wconf 88' lang='lat' dir='ltr'><strong>Homeritarum</strong></span> <span class='ocrx_word' id='word_1_118' title='bbox 1041 1409 1281 1492; x_wconf 74' lang='lat' dir='ltr'><strong>dornatqoi&#39;ovu,</strong></span> <span class='ocrx_word' id='word_1_119' title='bbox 1304 1412 1355 1486; x_wconf 89' lang='lat' dir='ltr'><strong>qui</strong></span> 
     </span>
     <span class='ocr_line' id='line_1_14' title="bbox 252 1492 1353 1574; baseline 0.001 -22"><span class='ocrx_word' id='word_1_120' title='bbox 252 1492 377 1552; x_wconf 86' lang='lat' dir='ltr'><strong>Meursio</strong></span> <span class='ocrx_word' id='word_1_121' title='bbox 399 1499 444 1553; x_wconf 90' lang='lat' dir='ltr'><strong>est</strong></span> <span class='ocrx_word' id='word_1_122' title='bbox 465 1497 584 1552; x_wconf 74' lang='lat' dir='ltr'><strong>emerim</strong></span> <span class='ocrx_word' id='word_1_123' title='bbox 609 1497 682 1570; x_wconf 77' lang='lat' dir='ltr'><strong>regis</strong></span> <span class='ocrx_word' id='word_1_124' title='bbox 703 1497 840 1570; x_wconf 81' lang='lat' dir='ltr'><strong>tanquam</strong></span> <span class='ocrx_word' id='word_1_125' title='bbox 860 1495 983 1574; x_wconf 87' lang='lat' dir='ltr'><strong>supremi</strong></span> <span class='ocrx_word' id='word_1_126' title='bbox 1008 1497 1039 1554; x_wconf 91' lang='lat' dir='ltr'><strong>in</strong></span> <span class='ocrx_word' id='word_1_127' title='bbox 1058 1496 1143 1556; x_wconf 85' lang='lat' dir='ltr'><strong>rebus</strong></span> <span class='ocrx_word' id='word_1_128' title='bbox 1160 1496 1353 1556; x_wconf 77' lang='lat' dir='ltr'><strong>ecelesiasticis</strong></span> 
     </span>
     <span class='ocr_line' id='line_1_15' title="bbox 252 1577 1353 1660; baseline 0.004 -23"><span class='ocrx_word' id='word_1_129' title='bbox 252 1578 361 1656; x_wconf 86' lang='lat' dir='ltr'><strong>eapitis.</strong></span> <span class='ocrx_word' id='word_1_130' title='bbox 382 1580 433 1637; x_wconf 90' lang='lat' dir='ltr'><strong>sed</strong></span> <span class='ocrx_word' id='word_1_131' title='bbox 443 1577 582 1638; x_wconf 83' lang='lat' dir='ltr'><strong>Meursius</strong></span> <span class='ocrx_word' id='word_1_132' title='bbox 597 1577 642 1637; x_wconf 87' lang='lat' dir='ltr'><strong>hio</strong></span> <span class='ocrx_word' id='word_1_133' title='bbox 659 1577 740 1636; x_wconf 82' lang='lat' dir='ltr'><strong>nimis</strong></span> <span class='ocrx_word' id='word_1_134' title='bbox 754 1583 852 1658; x_wconf 86' lang='lat' dir='ltr'><strong>aperte</strong></span> <span class='ocrx_word' id='word_1_135' title='bbox 863 1581 1003 1658; x_wconf 75' lang='lat' dir='ltr'><strong>orrgtisot:</strong></span> <span class='ocrx_word' id='word_1_136' title='bbox 1024 1587 1058 1638; x_wconf 90' lang='lat' dir='ltr'><strong>ut</strong></span> <span class='ocrx_word' id='word_1_137' title='bbox 1070 1583 1146 1640; x_wconf 89' lang='lat' dir='ltr'><strong>enim</strong></span> <span class='ocrx_word' id='word_1_138' title='bbox 1158 1580 1243 1660; x_wconf 83' lang='lat' dir='ltr'><strong>Angli</strong></span> <span class='ocrx_word' id='word_1_139' title='bbox 1257 1601 1353 1660; x_wconf 84' lang='lat' dir='ltr'><strong>regem</strong></span> 
     </span>
     <span class='ocr_line' id='line_1_16' title="bbox 252 1661 1354 1748; baseline 0.004 -27"><span class='ocrx_word' id='word_1_140' title='bbox 252 1682 334 1723; x_wconf 87' lang='lat' dir='ltr'><strong>suum</strong></span> <span class='ocrx_word' id='word_1_141' title='bbox 356 1661 442 1722; x_wconf 88' lang='lat' dir='ltr'><strong>veluti</strong></span> <span class='ocrx_word' id='word_1_142' title='bbox 463 1681 623 1741; x_wconf 89' lang='lat' dir='ltr'><strong>supremum</strong></span> <span class='ocrx_word' id='word_1_143' title='bbox 651 1663 781 1726; x_wconf 86' lang='lat' dir='ltr'><strong>ecelesiae</strong></span> <span class='ocrx_word' id='word_1_144' title='bbox 813 1671 900 1743; x_wconf 83' lang='lat' dir='ltr'><strong>eaput</strong></span> <span class='ocrx_word' id='word_1_145' title='bbox 923 1670 1109 1748; x_wconf 74' lang='lat' dir='ltr'><strong>uenerantur,</strong></span> <span class='ocrx_word' id='word_1_146' title='bbox 1137 1668 1179 1727; x_wconf 91' lang='lat' dir='ltr'><strong>ita</strong></span> <span class='ocrx_word' id='word_1_147' title='bbox 1201 1673 1232 1726; x_wconf 87' lang='lat' dir='ltr'><strong>et</strong></span> <span class='ocrx_word' id='word_1_148' title='bbox 1250 1667 1354 1728; x_wconf 88' lang='lat' dir='ltr'><strong>Batavi</strong></span> 
     </span>
     <span class='ocr_line' id='line_1_17' title="bbox 251 1745 1353 1832; baseline 0.005 -26"><span class='ocrx_word' id='word_1_149' title='bbox 251 1767 334 1806; x_wconf 91' lang='lat' dir='ltr'><strong>suum</strong></span> <span class='ocrx_word' id='word_1_150' title='bbox 355 1749 551 1826; x_wconf 87' lang='lat' dir='ltr'><strong>magistratum</strong></span> <span class='ocrx_word' id='word_1_151' title='bbox 565 1745 603 1806; x_wconf 88' lang='lat' dir='ltr'><strong>ed</strong></span> <span class='ocrx_word' id='word_1_152' title='bbox 616 1748 690 1808; x_wconf 91' lang='lat' dir='ltr'><strong>idem</strong></span> <span class='ocrx_word' id='word_1_153' title='bbox 708 1749 816 1809; x_wconf 89' lang='lat' dir='ltr'><strong>culmen</strong></span> <span class='ocrx_word' id='word_1_154' title='bbox 829 1751 946 1810; x_wconf 85' lang='lat' dir='ltr'><strong>evehere</strong></span> <span class='ocrx_word' id='word_1_155' title='bbox 961 1751 1115 1831; x_wconf 84' lang='lat' dir='ltr'><strong>incipiunt,</strong></span> <span class='ocrx_word' id='word_1_156' title='bbox 1138 1758 1172 1810; x_wconf 91' lang='lat' dir='ltr'><strong>ut</strong></span> <span class='ocrx_word' id='word_1_157' title='bbox 1187 1751 1302 1832; x_wconf 87' lang='lat' dir='ltr'><strong>planum</strong></span> <span class='ocrx_word' id='word_1_158' title='bbox 1319 1748 1353 1811; x_wconf 84' lang='lat' dir='ltr'><strong>fit</strong></span> 
     </span>
     <span class='ocr_line' id='line_1_18' title="bbox 252 1833 1352 1912; baseline 0.005 -20"><span class='ocrx_word' id='word_1_159' title='bbox 252 1853 315 1892; x_wconf 89' lang='lat' dir='ltr'><strong>oum</strong></span> <span class='ocrx_word' id='word_1_160' title='bbox 328 1852 362 1892; x_wconf 90' lang='lat' dir='ltr'><strong>ex</strong></span> <span class='ocrx_word' id='word_1_161' title='bbox 373 1833 432 1892; x_wconf 90' lang='lat' dir='ltr'><strong>aliis</strong></span> <span class='ocrx_word' id='word_1_162' title='bbox 447 1833 645 1912; x_wconf 82' lang='lat' dir='ltr'><strong>novatoribus,</strong></span> <span class='ocrx_word' id='word_1_163' title='bbox 665 1839 726 1894; x_wconf 91' lang='lat' dir='ltr'><strong>tum</strong></span> <span class='ocrx_word' id='word_1_164' title='bbox 740 1854 774 1894; x_wconf 85' lang='lat' dir='ltr'><strong>ex</strong></span> <span class='ocrx_word' id='word_1_165' title='bbox 791 1833 916 1912; x_wconf 76' lang='lat' dir='ltr'><strong>Hugone</strong></span> <span class='ocrx_word' id='word_1_166' title='bbox 930 1836 1032 1896; x_wconf 88' lang='lat' dir='ltr'><strong>Grotio</strong></span> <span class='ocrx_word' id='word_1_167' title='bbox 1052 1841 1082 1896; x_wconf 81' lang='lat' dir='ltr'><strong>io</strong></span> <span class='ocrx_word' id='word_1_168' title='bbox 1099 1835 1203 1897; x_wconf 79' lang='lat' dir='ltr'><strong>Pietate</strong></span> <span class='ocrx_word' id='word_1_169' title='bbox 1220 1837 1352 1898; x_wconf 76' lang='lat' dir='ltr'><strong>Ordinem</strong></span> 
     </span>
     <span class='ocr_line' id='line_1_19' title="bbox 250 1918 1352 1998; baseline 0.003 -19"><span class='ocrx_word' id='word_1_170' title='bbox 250 1918 429 1990; x_wconf 84' lang='lat' dir='ltr'><strong>Hellandioe,·</strong></span> <span class='ocrx_word' id='word_1_171' title='bbox 447 1919 477 1976; x_wconf 91' lang='lat' dir='ltr'><strong>in</strong></span> <span class='ocrx_word' id='word_1_172' title='bbox 488 1937 543 1995; x_wconf 93' lang='lat' dir='ltr'><strong>qno</strong></span> <span class='ocrx_word' id='word_1_173' title='bbox 553 1925 649 1978; x_wconf 89' lang='lat' dir='ltr'><strong>temen</strong></span> <span class='ocrx_word' id='word_1_174' title='bbox 664 1939 766 1998; x_wconf 82' lang='lat' dir='ltr'><strong>apuro</strong></span> <span class='ocrx_word' id='word_1_175' title='bbox 780 1920 950 1980; x_wconf 82' lang='lat' dir='ltr'><strong>Calvinisnro</strong></span> <span class='ocrx_word' id='word_1_176' title='bbox 967 1927 998 1980; x_wconf 89' lang='lat' dir='ltr'><strong>et</strong></span> <span class='ocrx_word' id='word_1_177' title='bbox 1024 1921 1213 1982; x_wconf 87' lang='lat' dir='ltr'><strong>Puritenismo</strong></span> <span class='ocrx_word' id='word_1_178' title='bbox 1231 1923 1352 1982; x_wconf 86' lang='lat' dir='ltr'><strong>immane</strong></span> 
     </span>
     <span class='ocr_line' id='line_1_20' title="bbox 249 2003 1352 2085; baseline 0.005 -24"><span class='ocrx_word' id='word_1_179' title='bbox 249 2008 387 2080; x_wconf 87' lang='lat' dir='ltr'><strong>quantum</strong></span> <span class='ocrx_word' id='word_1_180' title='bbox 401 2005 551 2081; x_wconf 88' lang='lat' dir='ltr'><strong>recedunt,</strong></span> <span class='ocrx_word' id='word_1_181' title='bbox 570 2005 618 2080; x_wconf 91' lang='lat' dir='ltr'><strong>qui</strong></span> <span class='ocrx_word' id='word_1_182' title='bbox 631 2003 789 2064; x_wconf 84' lang='lat' dir='ltr'><strong>huiusmodi</strong></span> <span class='ocrx_word' id='word_1_183' title='bbox 802 2006 901 2083; x_wconf 85' lang='lat' dir='ltr'><strong>eapitis</strong></span> <span class='ocrx_word' id='word_1_184' title='bbox 911 2007 1169 2085; x_wconf 87' lang='lat' dir='ltr'><strong>impatientissimus</strong></span> <span class='ocrx_word' id='word_1_185' title='bbox 1180 2013 1239 2085; x_wconf 87' lang='lat' dir='ltr'><strong>est,</strong></span> <span class='ocrx_word' id='word_1_186' title='bbox 1258 2027 1352 2084; x_wconf 89' lang='lat' dir='ltr'><strong>neque</strong></span> 
     </span>
     <span class='ocr_line' id='line_1_21' title="bbox 249 2089 1351 2171; baseline 0.005 -23"><span class='ocrx_word' id='word_1_187' title='bbox 249 2107 374 2164; x_wconf 88' lang='lat' dir='ltr'><strong>unquam</strong></span> <span class='ocrx_word' id='word_1_188' title='bbox 401 2090 461 2147; x_wconf 87' lang='lat' dir='ltr'><strong>eius</strong></span> <span class='ocrx_word' id='word_1_189' title='bbox 491 2089 599 2166; x_wconf 83' lang='lat' dir='ltr'><strong>absque</strong></span> <span class='ocrx_word' id='word_1_190' title='bbox 622 2089 701 2165; x_wconf 81' lang='lat' dir='ltr'><strong>gravi</strong></span> <span class='ocrx_word' id='word_1_191' title='bbox 724 2090 912 2152; x_wconf 89' lang='lat' dir='ltr'><strong>detestatione</strong></span> <span class='ocrx_word' id='word_1_192' title='bbox 937 2093 1070 2152; x_wconf 86' lang='lat' dir='ltr'><strong>meminit.</strong></span> <span class='ocrx_word' id='word_1_193' title='bbox 1104 2111 1157 2152; x_wconf 90' lang='lat' dir='ltr'><strong>neo</strong></span> <span class='ocrx_word' id='word_1_194' title='bbox 1180 2093 1351 2171; x_wconf 85' lang='lat' dir='ltr'><strong>Gregentius</strong></span> 
     </span>
     <span class='ocr_line' id='line_1_22' title="bbox 210 2173 1350 2256; baseline 0.005 -24"><span class='ocrx_word' id='word_1_195' title='bbox 210 2181 213 2197; x_wconf 87' lang='lat'><em>&#39;</em></span> <span class='ocrx_word' id='word_1_196' title='bbox 249 2175 404 2251; x_wconf 89' lang='lat' dir='ltr'><strong>quidquam</strong></span> <span class='ocrx_word' id='word_1_197' title='bbox 424 2175 461 2232; x_wconf 92' lang='lat' dir='ltr'><strong>de</strong></span> <span class='ocrx_word' id='word_1_198' title='bbox 476 2173 530 2234; x_wconf 86' lang='lat' dir='ltr'><strong>hoo</strong></span> <span class='ocrx_word' id='word_1_199' title='bbox 549 2177 693 2252; x_wconf 80' lang='lat' dir='ltr'><strong>uioeoopa&#39;te</strong></span> <span class='ocrx_word' id='word_1_200' title='bbox 716 2173 815 2234; x_wconf 90' lang='lat' dir='ltr'><strong>innuit.</strong></span> <span class='ocrx_word' id='word_1_201' title='bbox 843 2176 899 2236; x_wconf 90' lang='lat' dir='ltr'><strong>imo</strong></span> <span class='ocrx_word' id='word_1_202' title='bbox 916 2175 1025 2238; x_wconf 90' lang='lat' dir='ltr'><strong>futilem</strong></span> <span class='ocrx_word' id='word_1_203' title='bbox 1045 2177 1117 2238; x_wconf 85' lang='lat' dir='ltr'><strong>lrane</strong></span> <span class='ocrx_word' id='word_1_204' title='bbox 1140 2181 1350 2256; x_wconf 87' lang='lat' dir='ltr'><strong>persuasionem</strong></span> 
     </span>
     <span class='ocr_line' id='line_1_23' title="bbox 248 2258 1349 2340; baseline 0.006 -22"><span class='ocrx_word' id='word_1_205' title='bbox 248 2258 373 2318; x_wconf 87' lang='lat' dir='ltr'><strong>Meursio</strong></span> <span class='ocrx_word' id='word_1_206' title='bbox 393 2259 511 2320; x_wconf 82' lang='lat' dir='ltr'><strong>eximere</strong></span> <span class='ocrx_word' id='word_1_207' title='bbox 526 2264 656 2338; x_wconf 86' lang='lat' dir='ltr'><strong>poterat,</strong></span> <span class='ocrx_word' id='word_1_208' title='bbox 672 2259 697 2318; x_wconf 90' lang='lat' dir='ltr'><strong>si</strong></span> <span class='ocrx_word' id='word_1_209' title='bbox 712 2260 835 2320; x_wconf 88' lang='lat' dir='ltr'><strong>animum</strong></span> <span class='ocrx_word' id='word_1_210' title='bbox 849 2261 893 2320; x_wconf 88' lang='lat' dir='ltr'><strong>vel</strong></span> <span class='ocrx_word' id='word_1_211' title='bbox 910 2262 1055 2340; x_wconf 86' lang='lat' dir='ltr'><strong>paululum</strong></span> <span class='ocrx_word' id='word_1_212' title='bbox 1078 2264 1255 2324; x_wconf 83' lang='lat' dir='ltr'><strong>advertisset.</strong></span> <span class='ocrx_word' id='word_1_213' title='bbox 1284 2285 1349 2325; x_wconf 83' lang='lat' dir='ltr'><strong>nam</strong></span> 
     </span>
     <span class='ocr_line' id='line_1_24' title="bbox 246 2343 1349 2428; baseline 0.001 -20"><span class='ocrx_word' id='word_1_214' title='bbox 246 2343 468 2422; x_wconf 65' lang='lat' dir='ltr'><strong>tamaianam</strong></span> <span class='ocrx_word' id='word_1_215' title='bbox 486 2345 527 2403; x_wconf 83' lang='lat' dir='ltr'><strong>ait</strong></span> <span class='ocrx_word' id='word_1_216' title='bbox 544 2363 608 2404; x_wconf 90' lang='lat' dir='ltr'><strong>eum</strong></span> <span class='ocrx_word' id='word_1_217' title='bbox 626 2362 689 2404; x_wconf 87' lang='lat' dir='ltr'><strong>esse</strong></span> <span class='ocrx_word' id='word_1_218' title='bbox 712 2346 760 2420; x_wconf 91' lang='lat' dir='ltr'><strong>qui</strong></span> <span class='ocrx_word' id='word_1_219' title='bbox 780 2343 916 2408; x_wconf 87' lang='lat' dir='ltr'><strong>Romanis</strong></span> <span class='ocrx_word' id='word_1_220' title='bbox 935 2353 1050 2408; x_wconf 82' lang='lat' dir='ltr'><strong>vocetur</strong></span> <span class='ocrx_word' id='word_1_221' title='bbox 1065 2352 1201 2428; x_wconf 73' lang='lat' dir='ltr'><strong>patricias</strong></span> <span class='ocrx_word' id='word_1_222' title='bbox 1223 2355 1254 2408; x_wconf 88' lang='lat' dir='ltr'><strong>et</strong></span> <span class='ocrx_word' id='word_1_223' title='bbox 1269 2354 1349 2410; x_wconf 71' lang='lat' dir='ltr'><strong>oom-</strong></span> 
     </span>
     <span class='ocr_line' id='line_1_25' title="bbox 184 2428 1346 2512; baseline 0.004 -24"><span class='ocrx_word' id='word_1_224' title='bbox 184 2482 200 2509; x_wconf 62' lang='lat'><strong>.,</strong></span> <span class='ocrx_word' id='word_1_225' title='bbox 247 2429 327 2490; x_wconf 87' lang='lat' dir='ltr'><strong>olem.</strong></span> <span class='ocrx_word' id='word_1_226' title='bbox 347 2428 410 2505; x_wconf 88' lang='lat' dir='ltr'><strong>quis</strong></span> <span class='ocrx_word' id='word_1_227' title='bbox 431 2433 526 2488; x_wconf 91' lang='lat' dir='ltr'><strong>autem</strong></span> <span class='ocrx_word' id='word_1_228' title='bbox 541 2443 665 2506; x_wconf 87' lang='lat' dir='ltr'><strong>unquam</strong></span> <span class='ocrx_word' id='word_1_229' title='bbox 685 2431 792 2490; x_wconf 89' lang='lat' dir='ltr'><strong>audivit</strong></span> <span class='ocrx_word' id='word_1_230' title='bbox 806 2433 978 2509; x_wconf 86' lang='lat' dir='ltr'><strong>praefectum</strong></span> <span class='ocrx_word' id='word_1_231' title='bbox 996 2433 1110 2493; x_wconf 87' lang='lat' dir='ltr'><strong>oaniolei</strong></span> <span class='ocrx_word' id='word_1_232' title='bbox 1131 2439 1182 2493; x_wconf 89' lang='lat' dir='ltr'><strong>ant</strong></span> <span class='ocrx_word' id='word_1_233' title='bbox 1200 2435 1346 2512; x_wconf 85' lang='lat' dir='ltr'><strong>patricium</strong></span> 
     </span>
     <span class='ocr_line' id='line_1_26' title="bbox 243 2515 1346 2597; baseline 0.001 -20"><span class='ocrx_word' id='word_1_234' title='bbox 243 2515 331 2577; x_wconf 74' lang='lat' dir='ltr'><strong>titisse</strong></span> <span class='ocrx_word' id='word_1_235' title='bbox 346 2515 479 2574; x_wconf 86' lang='lat' dir='ltr'><strong>vicarium</strong></span> <span class='ocrx_word' id='word_1_236' title='bbox 496 2515 619 2594; x_wconf 87' lang='lat' dir='ltr'><strong>supremi</strong></span> <span class='ocrx_word' id='word_1_237' title='bbox 635 2516 735 2596; x_wconf 89' lang='lat' dir='ltr'><strong>capitis</strong></span> <span class='ocrx_word' id='word_1_238' title='bbox 750 2517 781 2573; x_wconf 91' lang='lat' dir='ltr'><strong>in</strong></span> <span class='ocrx_word' id='word_1_239' title='bbox 800 2517 884 2576; x_wconf 90' lang='lat' dir='ltr'><strong>rebus</strong></span> <span class='ocrx_word' id='word_1_240' title='bbox 898 2517 1107 2596; x_wconf 81' lang='lat' dir='ltr'><strong>ecclesiasticis,</strong></span> <span class='ocrx_word' id='word_1_241' title='bbox 1127 2519 1182 2578; x_wconf 90' lang='lat' dir='ltr'><strong>hoo</strong></span> <span class='ocrx_word' id='word_1_242' title='bbox 1198 2526 1242 2577; x_wconf 88' lang='lat' dir='ltr'><strong>est</strong></span> <span class='ocrx_word' id='word_1_243' title='bbox 1258 2521 1346 2597; x_wconf 45' lang='lat' dir='ltr'><strong>impe,-</strong></span> 
     </span>
     <span class='ocr_line' id='line_1_27' title="bbox 240 2593 1345 2682; baseline 0.003 -24"><span class='ocrx_word' id='word_1_244' title='bbox 240 2593 371 2659; x_wconf 65' lang='lat' dir='ltr'><strong>¹satoris?</strong></span> <span class='ocrx_word' id='word_1_245' title='bbox 390 2599 539 2660; x_wconf 89' lang='lat' dir='ltr'><strong>lioetenim</strong></span> <span class='ocrx_word' id='word_1_246' title='bbox 557 2600 657 2658; x_wconf 86' lang='lat' dir='ltr'><strong>Graeci</strong></span> <span class='ocrx_word' id='word_1_247' title='bbox 677 2601 846 2678; x_wconf 85' lang='lat' dir='ltr'><strong>posteriores</strong></span> <span class='ocrx_word' id='word_1_248' title='bbox 860 2609 890 2661; x_wconf 91' lang='lat' dir='ltr'><strong>et</strong></span> <span class='ocrx_word' id='word_1_249' title='bbox 905 2603 1064 2682; x_wconf 83' lang='lat' dir='ltr'><strong>aequiores,</strong></span> <span class='ocrx_word' id='word_1_250' title='bbox 1084 2610 1266 2682; x_wconf 84' lang='lat' dir='ltr'><strong>postquama</strong></span> <span class='ocrx_word' id='word_1_251' title='bbox 1281 2606 1345 2664; x_wconf 87' lang='lat' dir='ltr'><strong>visi-</strong></span> 
     </span>
     <span class='ocr_line' id='line_1_28' title="bbox 244 2683 1345 2768; baseline 0.006 -26"><span class='ocrx_word' id='word_1_252' title='bbox 244 2683 294 2744; x_wconf 90' lang='lat' dir='ltr'><strong>bili</strong></span> <span class='ocrx_word' id='word_1_253' title='bbox 309 2702 400 2761; x_wconf 87' lang='lat' dir='ltr'><strong>eoque</strong></span> <span class='ocrx_word' id='word_1_254' title='bbox 414 2705 481 2744; x_wconf 86' lang='lat' dir='ltr'><strong>vero</strong></span> <span class='ocrx_word' id='word_1_255' title='bbox 502 2685 597 2764; x_wconf 85' lang='lat' dir='ltr'><strong>capite</strong></span> <span class='ocrx_word' id='word_1_256' title='bbox 606 2685 737 2746; x_wconf 82' lang='lat' dir='ltr'><strong>ecolesiae</strong></span> <span class='ocrx_word' id='word_1_257' title='bbox 751 2686 945 2766; x_wconf 82' lang='lat' dir='ltr'><strong>desciverunt,</strong></span> <span class='ocrx_word' id='word_1_258' title='bbox 965 2689 1126 2768; x_wconf 89' lang='lat' dir='ltr'><strong>imperatori</strong></span> <span class='ocrx_word' id='word_1_259' title='bbox 1144 2707 1198 2750; x_wconf 87' lang='lat' dir='ltr'><strong>suo</strong></span> <span class='ocrx_word' id='word_1_260' title='bbox 1211 2691 1345 2750; x_wconf 81' lang='lat' dir='ltr'><strong>honorem</strong></span> 
     </span>
     <span class='ocr_line' id='line_1_29' title="bbox 193 2768 1344 2854; baseline 0.005 -26"><span class='ocrx_word' id='word_1_261' title='bbox 193 2787 198 2800; x_wconf 92' lang='lat'><strong>·</strong></span> <span class='ocrx_word' id='word_1_262' title='bbox 245 2771 369 2850; x_wconf 91' lang='lat' dir='ltr'><strong>supremi</strong></span> <span class='ocrx_word' id='word_1_263' title='bbox 388 2770 487 2849; x_wconf 88' lang='lat' dir='ltr'><strong>capitis</strong></span> <span class='ocrx_word' id='word_1_264' title='bbox 510 2769 677 2846; x_wconf 89' lang='lat' dir='ltr'><strong>detulerint,</strong></span> <span class='ocrx_word' id='word_1_265' title='bbox 705 2789 850 2847; x_wconf 89' lang='lat' dir='ltr'><strong>nunquam</strong></span> <span class='ocrx_word' id='word_1_266' title='bbox 869 2778 964 2834; x_wconf 89' lang='lat' dir='ltr'><strong>tamen</strong></span> <span class='ocrx_word' id='word_1_267' title='bbox 985 2768 1132 2854; x_wconf 84' lang='lat' dir='ltr'><strong>patricium</strong></span> <span class='ocrx_word' id='word_1_268' title='bbox 1158 2780 1208 2833; x_wconf 87' lang='lat' dir='ltr'><strong>aut</strong></span> <span class='ocrx_word' id='word_1_269' title='bbox 1231 2776 1344 2836; x_wconf 87' lang='lat' dir='ltr'><strong>caniciei</strong></span> 
     </span>
     <span class='ocr_line' id='line_1_30' title="bbox 243 2848 1344 2940; baseline 0.008 -28"><span class='ocrx_word' id='word_1_270' title='bbox 243 2855 401 2932; x_wconf 87' lang='lat' dir='ltr'><strong>praesidem</strong></span> <span class='ocrx_word' id='word_1_271' title='bbox 411 2855 572 2936; x_wconf 76' lang='lat' dir='ltr'><strong>imperatori</strong></span> <span class='ocrx_word' id='word_1_272' title='bbox 586 2855 615 2912; x_wconf 91' lang='lat' dir='ltr'><strong>iu</strong></span> <span class='ocrx_word' id='word_1_273' title='bbox 631 2848 699 2935; x_wconf 85' lang='lat' dir='ltr'><strong>hoo,</strong></span> <span class='ocrx_word' id='word_1_274' title='bbox 719 2861 754 2915; x_wconf 90' lang='lat' dir='ltr'><strong>ut</strong></span> <span class='ocrx_word' id='word_1_275' title='bbox 769 2858 810 2918; x_wconf 88' lang='lat' dir='ltr'><strong>ita</strong></span> <span class='ocrx_word' id='word_1_276' title='bbox 824 2857 939 2938; x_wconf 85' lang='lat' dir='ltr'><strong>loquar,</strong></span> <span class='ocrx_word' id='word_1_277' title='bbox 961 2864 1132 2940; x_wconf 74' lang='lat' dir='ltr'><strong>capitaneum</strong></span> <span class='ocrx_word' id='word_1_278' title='bbox 1147 2861 1252 2920; x_wconf 85' lang='lat' dir='ltr'><strong>socium</strong></span> <span class='ocrx_word' id='word_1_279' title='bbox 1264 2862 1344 2920; x_wconf 87' lang='lat' dir='ltr'><strong>attri-</strong></span> 
     </span>
     <span class='ocr_line' id='line_1_31' title="bbox 244 2942 375 2999; baseline 0.008 -1"><span class='ocrx_word' id='word_1_280' title='bbox 244 2942 375 2999; x_wconf 82' lang='lat' dir='ltr'><strong>buerunt.</strong></span> 
     </span>
    </p>
   </div>
   <div class='ocr_carea' id='block_1_5' title="bbox 570 3436 1029 3532">
    <p class='ocr_par' dir='ltr' id='par_1_5' title="bbox 568 3436 1029 3532">
     <span class='ocr_line' id='line_1_32' title="bbox 570 3436 1029 3532; baseline 0.004 -4.991"><span class='ocrx_word' id='word_1_281' title='bbox 570 3436 1029 3532; x_wconf 66' lang='lat' dir='ltr'><strong>carnum?</strong></span> 
     </span>
    </p>
   </div>
   <div class='ocr_carea' id='block_1_6' title="bbox 239 3635 1334 3941">
    <p class='ocr_par' dir='ltr' id='par_1_6' title="bbox 239 3635 1334 3941">
     <span class='ocr_line' id='line_1_33' title="bbox 326 3635 1333 3762; baseline 0.002 -18"><span class='ocrx_word' id='word_1_282' title='bbox 326 3703 354 3762; x_wconf 92' lang='lat' dir='ltr'><strong>p.</strong></span> <span class='ocrx_word' id='word_1_283' title='bbox 366 3683 405 3746; x_wconf 81' lang='lat'><strong>13</strong></span> <span class='ocrx_word' id='word_1_284' title='bbox 416 3701 441 3740; x_wconf 89' lang='lat' dir='ltr'><strong>v.</strong></span> <span class='ocrx_word' id='word_1_285' title='bbox 452 3683 481 3742; x_wconf 81' lang='lat'><strong>7.</strong></span> <span class='ocrx_word' id='word_1_286' title='bbox 500 3635 680 3759; x_wconf 72' lang='grc' dir='ltr'><strong>Σκιάδιον,</strong></span> <span class='ocrx_word' id='word_1_287' title='bbox 702 3683 779 3758; x_wconf 91' lang='lat' dir='ltr'><strong>quod</strong></span> <span class='ocrx_word' id='word_1_288' title='bbox 793 3689 824 3742; x_wconf 93' lang='lat' dir='ltr'><strong>et</strong></span> <span class='ocrx_word' id='word_1_289' title='bbox 844 3677 958 3760; x_wconf 73' lang='lat' dir='ltr'><strong>ouidii,</strong></span> <span class='ocrx_word' id='word_1_290' title='bbox 979 3683 1147 3744; x_wconf 87' lang='lat' dir='ltr'><strong>adverbum</strong></span> <span class='ocrx_word' id='word_1_291' title='bbox 1166 3691 1211 3744; x_wconf 88' lang='lat' dir='ltr'><strong>est</strong></span> <span class='ocrx_word' id='word_1_292' title='bbox 1226 3686 1333 3746; x_wconf 82' lang='lat' dir='ltr'><strong>umbella</strong></span> 
     </span>
     <span class='ocr_line' id='line_1_34' title="bbox 239 3774 1334 3854; baseline 0.002 -20"><span class='ocrx_word' id='word_1_293' title='bbox 239 3795 289 3836; x_wconf 90' lang='lat' dir='ltr'><strong>seu</strong></span> <span class='ocrx_word' id='word_1_294' title='bbox 299 3775 498 3847; x_wconf 70' lang='lat' dir='ltr'><strong>umbraminis,</strong></span> <span class='ocrx_word' id='word_1_295' title='bbox 516 3781 637 3851; x_wconf 82' lang='lat' dir='ltr'><strong>tegumen</strong></span> <span class='ocrx_word' id='word_1_296' title='bbox 649 3777 762 3854; x_wconf 78' lang='lat' dir='ltr'><strong>sopitis,</strong></span> <span class='ocrx_word' id='word_1_297' title='bbox 780 3774 900 3835; x_wconf 87' lang='lat' dir='ltr'><strong>breviter</strong></span> <span class='ocrx_word' id='word_1_298' title='bbox 910 3777 1015 3854; x_wconf 79' lang='lat' dir='ltr'><strong>pileus,</strong></span> <span class='ocrx_word' id='word_1_299' title='bbox 1035 3793 1092 3854; x_wconf 90' lang='lat' dir='ltr'><strong>quo</strong></span> <span class='ocrx_word' id='word_1_300' title='bbox 1102 3777 1217 3838; x_wconf 90' lang='lat' dir='ltr'><strong>nomine</strong></span> <span class='ocrx_word' id='word_1_301' title='bbox 1231 3778 1260 3837; x_wconf 90' lang='lat' dir='ltr'><strong>in</strong></span> <span class='ocrx_word' id='word_1_302' title='bbox 1277 3796 1334 3836; x_wconf 82' lang='lat' dir='ltr'><strong>rer-</strong></span> 
     </span>
     <span class='ocr_line' id='line_1_35' title="bbox 239 3860 652 3941; baseline -0.005 -21"><span class='ocrx_word' id='word_1_303' title='bbox 239 3864 318 3921; x_wconf 86' lang='lat' dir='ltr'><strong>sione</strong></span> <span class='ocrx_word' id='word_1_304' title='bbox 332 3860 481 3941; x_wconf 81' lang='lat' dir='ltr'><strong>praecipue</strong></span> <span class='ocrx_word' id='word_1_305' title='bbox 499 3877 567 3918; x_wconf 85' lang='lat' dir='ltr'><strong>usus</strong></span> <span class='ocrx_word' id='word_1_306' title='bbox 581 3877 652 3918; x_wconf 89' lang='lat' dir='ltr'><strong>sum.</strong></span> 
     </span>
    </p>
   </div>
   <div class='ocr_carea' id='block_1_7' title="bbox 235 3969 1333 4395">
    <p class='ocr_par' dir='ltr' id='par_1_7' title="bbox 235 3969 1333 4395">
     <span class='ocr_line' id='line_1_36' title="bbox 235 3969 1333 4044; baseline -0.002 -15"><span class='ocrx_word' id='word_1_307' title='bbox 235 4025 244 4042; x_wconf 84' lang='grc'>,</span> <span class='ocrx_word' id='word_1_308' title='bbox 306 3975 373 4029; x_wconf 81' lang='lat' dir='ltr'><strong>idid.</strong></span> <span class='ocrx_word' id='word_1_309' title='bbox 408 3973 518 4028; x_wconf 83' lang='lat' dir='ltr'><strong>omnium</strong></span> <span class='ocrx_word' id='word_1_310' title='bbox 542 3972 623 4028; x_wconf 86' lang='lat' dir='ltr'><strong>solum</strong></span> <span class='ocrx_word' id='word_1_311' title='bbox 646 3977 753 4027; x_wconf 84' lang='lat' dir='ltr'><strong>coronat</strong></span> <span class='ocrx_word' id='word_1_312' title='bbox 774 3978 802 4026; x_wconf 85' lang='lat' dir='ltr'><strong>at</strong></span> <span class='ocrx_word' id='word_1_313' title='bbox 827 3972 918 4030; x_wconf 80' lang='lat' dir='ltr'><strong>leuiter</strong></span> <span class='ocrx_word' id='word_1_314' title='bbox 947 3973 1083 4032; x_wconf 82' lang='lat' dir='ltr'><strong>adumbrat</strong></span> <span class='ocrx_word' id='word_1_315' title='bbox 1107 3971 1141 4034; x_wconf 76' lang='lat' dir='ltr'><strong>sd</strong></span> <span class='ocrx_word' id='word_1_316' title='bbox 1167 3969 1333 4044; x_wconf 69' lang='grc' dir='ltr'><strong>καλοῦμενον</strong></span> 
     </span>
     <span class='ocr_line' id='line_1_37' title="bbox 238 4041 1331 4120; baseline -0.002 -20"><span class='ocrx_word' id='word_1_317' title='bbox 238 4041 382 4112; x_wconf 78' lang='grc' dir='ltr'><strong>σκιάδιον,</strong></span> <span class='ocrx_word' id='word_1_318' title='bbox 401 4061 454 4114; x_wconf 91' lang='lat' dir='ltr'><strong>qua</strong></span> <span class='ocrx_word' id='word_1_319' title='bbox 470 4043 503 4098; x_wconf 87' lang='lat' dir='ltr'><strong>de</strong></span> <span class='ocrx_word' id='word_1_320' title='bbox 517 4060 597 4098; x_wconf 83' lang='lat' dir='ltr'><strong>nausa</strong></span> <span class='ocrx_word' id='word_1_321' title='bbox 612 4044 833 4120; x_wconf 61' lang='lat' dir='ltr'><strong>aquambellam,</strong></span> <span class='ocrx_word' id='word_1_322' title='bbox 861 4061 907 4098; x_wconf 90' lang='lat' dir='ltr'><strong>cen</strong></span> <span class='ocrx_word' id='word_1_323' title='bbox 927 4062 1016 4099; x_wconf 81' lang='lat' dir='ltr'><strong>sarens</strong></span> <span class='ocrx_word' id='word_1_324' title='bbox 1031 4047 1159 4118; x_wconf 84' lang='lat' dir='ltr'><strong>protensis</strong></span> <span class='ocrx_word' id='word_1_325' title='bbox 1179 4046 1205 4098; x_wconf 90' lang='lat' dir='ltr'><strong>in</strong></span> <span class='ocrx_word' id='word_1_326' title='bbox 1227 4047 1331 4098; x_wconf 80' lang='lat' dir='ltr'><strong>frontem</strong></span> 
     </span>
     <span class='ocr_line' id='line_1_38' title="bbox 242 4111 1333 4184; baseline -0.003 -15"><span class='ocrx_word' id='word_1_327' title='bbox 242 4115 312 4178; x_wconf 85' lang='lat' dir='ltr'><strong>oris,</strong></span> <span class='ocrx_word' id='word_1_328' title='bbox 336 4113 383 4167; x_wconf 86' lang='lat' dir='ltr'><strong>sed</strong></span> <span class='ocrx_word' id='word_1_329' title='bbox 406 4113 533 4182; x_wconf 82' lang='lat' dir='ltr'><strong>pileolum</strong></span> <span class='ocrx_word' id='word_1_330' title='bbox 556 4131 588 4166; x_wconf 85' lang='lat' dir='ltr'><strong>ex</strong></span> <span class='ocrx_word' id='word_1_331' title='bbox 612 4129 696 4183; x_wconf 85' lang='lat' dir='ltr'><strong>aequo</strong></span> <span class='ocrx_word' id='word_1_332' title='bbox 714 4112 751 4180; x_wconf 86' lang='lat' dir='ltr'><strong>(si</strong></span> <span class='ocrx_word' id='word_1_333' title='bbox 768 4111 878 4166; x_wconf 87' lang='lat' dir='ltr'><strong>medium</strong></span> <span class='ocrx_word' id='word_1_334' title='bbox 895 4121 979 4168; x_wconf 88' lang='lat' dir='ltr'><strong>tamen</strong></span> <span class='ocrx_word' id='word_1_335' title='bbox 996 4133 1101 4184; x_wconf 87' lang='lat' dir='ltr'><strong>nonum,</strong></span> <span class='ocrx_word' id='word_1_336' title='bbox 1125 4116 1187 4170; x_wconf 88' lang='lat' dir='ltr'><strong>licet</strong></span> <span class='ocrx_word' id='word_1_337' title='bbox 1202 4115 1333 4176; x_wconf 83' lang='lat' dir='ltr'><strong>modicum,</strong></span> 
     </span>
     <span class='ocr_line' id='line_1_39' title="bbox 241 4177 1333 4270; baseline -0.002 -32"><span class='ocrx_word' id='word_1_338' title='bbox 241 4181 400 4254; x_wconf 86' lang='lat' dir='ltr'><strong>appinxeris)</strong></span> <span class='ocrx_word' id='word_1_339' title='bbox 423 4187 500 4254; x_wconf 84' lang='lat' dir='ltr'><strong>eaput</strong></span> <span class='ocrx_word' id='word_1_340' title='bbox 516 4183 682 4248; x_wconf 85' lang='lat' dir='ltr'><strong>ambientem,</strong></span> <span class='ocrx_word' id='word_1_341' title='bbox 704 4180 764 4233; x_wconf 87' lang='lat' dir='ltr'><strong>milri</strong></span> <span class='ocrx_word' id='word_1_342' title='bbox 781 4182 875 4251; x_wconf 90' lang='lat' dir='ltr'><strong>potiori</strong></span> <span class='ocrx_word' id='word_1_343' title='bbox 892 4183 949 4237; x_wconf 86' lang='lat' dir='ltr'><strong>iure</strong></span> <span class='ocrx_word' id='word_1_344' title='bbox 964 4190 1056 4246; x_wconf 77' lang='lat' dir='ltr'><strong>sonat3</strong></span> <span class='ocrx_word' id='word_1_345' title='bbox 1077 4201 1201 4270; x_wconf 81' lang='lat' dir='ltr'><strong>quemque</strong></span> <span class='ocrx_word' id='word_1_346' title='bbox 1217 4177 1249 4238; x_wconf 76' lang='lat' dir='ltr'><strong>tr</strong></span> <span class='ocrx_word' id='word_1_347' title='bbox 1286 4181 1333 4248; x_wconf 75' lang='grc' dir='ltr'><strong>ἀρ·</strong></span> 
     </span>
     <span class='ocr_line' id='line_1_40' title="bbox 241 4250 1333 4344; baseline 0 -40"><span class='ocrx_word' id='word_1_348' title='bbox 241 4269 330 4344; x_wconf 75' lang='lat' dir='ltr'><strong>popov</strong></span> <span class='ocrx_word' id='word_1_349' title='bbox 346 4250 388 4304; x_wconf 89' lang='lat' dir='ltr'><strong>hio</strong></span> <span class='ocrx_word' id='word_1_350' title='bbox 406 4258 610 4317; x_wconf 65' lang='lat' dir='ltr'><strong>annumerat,</strong></span> <span class='ocrx_word' id='word_1_351' title='bbox 635 4250 807 4319; x_wconf 83' lang='lat' dir='ltr'><strong>Theophanes</strong></span> <span class='ocrx_word' id='word_1_352' title='bbox 823 4252 894 4322; x_wconf 83' lang='lat' dir='ltr'><strong>prim</strong></span> <span class='ocrx_word' id='word_1_353' title='bbox 910 4250 1099 4322; x_wconf 74' lang='lat' dir='ltr'><strong>uopqtorimov</strong></span> <span class='ocrx_word' id='word_1_354' title='bbox 1115 4254 1249 4307; x_wconf 72' lang='grc' dir='ltr'><strong>διαλιθον</strong></span> <span class='ocrx_word' id='word_1_355' title='bbox 1280 4253 1333 4316; x_wconf 88' lang='lat' dir='ltr'><strong>ixit,</strong></span> 
     </span>
     <span class='ocr_line' id='line_1_41' title="bbox 248 4320 1333 4395; baseline 0.001 -20"><span class='ocrx_word' id='word_1_356' title='bbox 248 4321 397 4391; x_wconf 72' lang='lat' dir='ltr'><strong>fundaeque</strong></span> <span class='ocrx_word' id='word_1_357' title='bbox 422 4321 564 4376; x_wconf 84' lang='lat' dir='ltr'><strong>Gotlrorun</strong></span> <span class='ocrx_word' id='word_1_358' title='bbox 589 4321 644 4392; x_wconf 81' lang='lat' dir='ltr'><strong>regi</strong></span> <span class='ocrx_word' id='word_1_359' title='bbox 667 4320 808 4377; x_wconf 81' lang='lat' dir='ltr'><strong>detractum</strong></span> <span class='ocrx_word' id='word_1_360' title='bbox 833 4337 849 4376; x_wconf 87' lang='lat' dir='ltr'><strong>a</strong></span> <span class='ocrx_word' id='word_1_361' title='bbox 875 4322 989 4378; x_wconf 86' lang='lat' dir='ltr'><strong>Narsete</strong></span> <span class='ocrx_word' id='word_1_362' title='bbox 1008 4323 1110 4395; x_wconf 78' lang='lat' dir='ltr'><strong>cpolim</strong></span> <span class='ocrx_word' id='word_1_363' title='bbox 1126 4322 1333 4380; x_wconf 80' lang='lat' dir='ltr'><strong>edIusu&#39;nianun</strong></span> 
     </span>
    </p>
   </div>
   <div class='ocr_carea' id='block_1_8' title="bbox 0 0 1476 4916">
    <p class='ocr_par' dir='ltr' id='par_1_8' title="bbox 0 0 1476 4916">
     <span class='ocr_line' id='line_1_42' title="bbox 0 0 1476 4916; baseline 0 5"><span class='ocrx_word' id='word_1_364' title='bbox 0 0 1476 4916; x_wconf 95' lang='lat' dir='ltr'><strong> </strong></span> 
     </span>
    </p>
   </div>
  </div>
 </body>
</html>
