3050 4924
469 333 526 400 DE
553 333 731 404 OFFIGIIS
756 337 816 408 GP.
841 338 926 408 GAP.
952 339 978 409 1.
1249 343 1272 416 5

274 503 322 573 ‘H
334 505 419 596 τρίτη
438 503 557 586 πεντάς.
592 505 610 574 ὅ
632 504 823 597 ἱερομνήμων
845 513 887 591 είς
910 511 944 580 sei
967 513 1088 597 βλέπειν
1107 516 1163 594 τάς
1183 517 1273 600 εάχάς

177 609 305 677 ὄπισθεν
324 617 380 678 soii
398 612 576 699 ἀρχιερέως,
597 620 716 702 κρατῶν
733 614 788 679 τὸν
805 617 1027 704 ένθρονιασμόν
1044 624 1095 686 καὶ
1111 619 1147 686 τὸ
1163 618 1271 688 κοντά-
1288 627 1311 681 Β

178 741 242 780 κιον
263 721 320 800 τῆς
337 716 535 802 χειροτονίας.
635 713 651 780 ὁ
673 719 720 782 ἐπὶ
736 724 797 784 τῶν
811 718 962 804 γονάτων,
988 731 1109 810 κρατῶν
1121 723 1157 790 τὸ
1171 727 1274 810 ε’πιγο-

160 816 281 884 »νάτιον
300 824 357 884 τοῦ
375 818 546 906 ἀρχιερέως.
581 883 585 890 ,
647 816 663 884 ὃ
687 820 734 886 bri
756 828 817 889 τῶν
838 822 969 907 δεήσεων
984 826 1145 913 ἀπέρχεται
1162 830 1205 904 είς
1220 829 1273 894 τὸν

154 921 305 1002 ἀβασιλέα
323 918 399 1009 ὖπέρ
421 930 482 988 τῶν
501 922 717 1005 ἀδικουμένων.
820 923 836 991 ὁ
856 927 904 990 ἐπὶ
923 932 1155 1018 τῶνσεκρέτων
1176 935 1218 1007 είς
1237 931 1273 997 τὸ

176 1022 282 1092 παάειν
295 1024 348 1092 τὸν
363 1025 438 1092 λαὸν
453 1028 500 1091 ἐπὶ
514 1025 549 1092 τὸ
566 1027 685 1114 κρίνειν.
786 1027 803 1095 ὁ
825 1029 873 1094 ἐπὶ
890 1037 945 1116 τῆς
961 1031 1045 1122 ἱερῶς
1060 1031 1274 1113 καταπόσεως

177 1131 218 1206 εἰς
234 1127 269 1196 τὸ
279 1137 383 1194 ,ποιεῖν
396 1130 535 1208 εὐταξίαν
547 1129 630 1208 ίντιλς
643 1136 700 1197 τοῦ
713 1129 862 1217 βήματος.
1094 1135 1097 1140 ’

272 1227 321 1297 Ἡ
342 1229 471 1320 τετάρτη
496 1230 615 1310 πεντάς.
657 1231 674 1302 ὃ
708 1233 947 1322 ὑπομιμνήσκων
974 1241 1016 1316 εἰς
1043 1238 1078 1306 τὸ
1104 1239 1313 1323 ένθνμίζεινῦ

162 1335 228 1400 -τόν
248 1334 389 1423 ἀρχιερέα
408 1344 574 1420 μυστικῶς.
671 1335 889 1418 ὅάιάἀσκαλος
903 1346 959 1408 τοῦ
968 1343 1156 1428 εὐαγγελίου,
1179 1341 1276 1430 ἑρμη-

139 1456 169 1509 10
177 1435 271 1526 νεύων
286 1438 371 1506 αὐτό.
473 1437 489 1507 ὁ
507 1437 692 1520 ἀιιλάσκαλος
702 1451 757 1510 τοῦ
771 1443 959 1526 ἀποστόλου,
986 1444 1158 1532 ἕρμηνεάων
1174 1446 1277 1514 αὐτόν.
1381 1499 1383 1506 ,

176 1539 192 1607 ri
210 1539 397 1621 διδάσκαλος
411 1550 466 1609 τοῦ
480 1547 653 1631 ψαλτηρίου
667 1547 711 1624 εἷς
721 1547 757 1613 τὸ
770 1545 942 1638 ἑρμηνεύειν
953 1548 1039 1615 atet.
1127 1547 1157 1616 ,ὃ
1173 1547 1287 1640 ῥήτωρ

178 1649 218 1736 εἷς
233 1645 269 1714 τὸ
286 1643 458 1734 ἑρμηνεύειν
471 1648 527 1726 τὰς
540 1645 672 1738 γραφάς.
877 1659 881 1668 “
1365 1639 1369 1646 ’

272 1746 321 1815 Ἡ
338 1751 459 1837 πέμπτη
482 1749 600 1830 πεντάς.
637 1749 772 1841 ἀάρχων
785 1760 846 1822 τῶν
858 1753 1084 1841 μοναστηρίων,
1109 1753 1185 1840 έχων
1198 1757 1276 1838 μετά

174 1859 230 1918 τοῦ
241 1851 374 1939 μεγάλου
390 1859 589 1939 σακελλαρίου
599 1856 655 1941 τήν
667 1863 728 1924 τῶν
741 1860 953 1946 μοναοτηρίων
964 1853 1098 1944 ένοχήν.Ι
1183 1857 1200 1925 ὁ
1215 1857 1272 1948 ἀρ·
1289 1878 1314 1932 Ι)

137 1972 237 2039 15χων
250 1963 312 2024 τῶν
325 1945 500 2043 ἐκκλησιῶν,
522 1957 599 2043 έχων
609 1960 666 2044 τὴν
680 1962 787 2046 ένοχὴν
803 1969 863 2028 τῶν
879 1964 1043 2046 ἐκκλησιῶν
1057 1962 1135 2046 μετά
1148 1971 1204 2028 τοῦ
1218 1989 1277 2028 σα-

148 2063 150 2066 ’
174 2063 303 2128 κελλίοα.
405 2059 422 2127 ὃ
439 2061 542 2152 ἀρχων
556 2070 613 2129 τοῦ
628 2065 799 2150 εὐαγγελίου
814 2069 856 2143 είς
869 2066 904 2132 τὸ
923 2074 1044 2154 κρατεῖν
1058 2073 1149 2132 τοῦτο
1168 2067 1278 2144 εἰςτὰς

174 2160 268 2242 λιτῶς.
372 2163 513 2253 ὁάρχων
531 2174 592 2233 τῶν
611 2163 741 2256 φῶτων,
768 2167 844 2254 έχων
865 2169 921 2252 τὴν
944 2168 1050 2253 ένοχήν
1072 2175 1133 2236 τῶν
1157 2196 1278 2258 νεοφω-

173 2270 291 2334 σι’στων.
394 2266 411 2334 ὁ
433 2268 536 2357 ἀρχων
555 2277 616 2337 τῶν
637 2271 848 2358 ἀντιμινσίων,
874 2271 1002 2360 εἰσάγων
1018 2271 1089 2350 roric
1105 2273 1277 2363 εἰσερχομέ-

172 2397 245 2450 νους
260 2375 302 2449 εἷς
317 2369 373 2454 τήν
387 2369 476 2458 ἀγίαν
490 2372 672 2459 μετάληψιν.

272 2472 320 2540 Ἡ
335 2475 405 2559 ἕκτη
425 2474 544 2554 πεντάς.
580 2474 597 2543 ὃ
625 2484 746 2568 πρῶτος
774 2473 943 2565 ἀοτιῶριος,
979 2483 1099 2562 κρατῶν
1129 2476 1187 2554 τάς
1212 2473 1276 2545 θά-

174 2603 232 2666 ρας
259 2581 301 2656 εἰς
326 2579 384 2656 τάς
402 2582 597 2668 χειροτονίας.
700 2579 716 2646 ὃ
741 2576 879 2669 δεύτερος
899 2577 1070 2668 ὀστιάριος,
1098 2586 1219 2668 κρατῶν
1240 2581 1276 2649 τὸ
1293 2598 1350 2655 Pb

239 2757 259 2814 8
274 2757 382 2827 κρεμῶν
397 2758 420 2814 Ρ
439 2758 477 2830 (i.
496 2778 521 2816 e.
538 2759 621 2816 editio
637 2759 828 2833 Parisieusis),
845 2759 957 2832 κρατῶν
972 2777 1062 2832 margo

240 2911 351 2968 Tertius
365 2913 511 2984 quinarius.
538 2915 757 2972 hieromnemonis
772 2933 864 2972 munus
880 2921 923 2971 est
937 2934 1007 2988 pone
1021 2914 1197 2988 patriarcham
1213 2933 1276 2986 pre-

170 2999 215 3037 ces
238 2981 385 3052 inspicere;
412 2985 544 3056 habetque
566 3004 615 3042 sua
638 2988 667 3040 in
689 2994 822 3058 potestate
846 2986 1067 3040 enthroniasmum
1086 2995 1114 3040 et
1131 2986 1277 3043 conticium

171 3069 218 3105 seu
236 3051 331 3106 librum
348 3051 533 3110 ordinationis.
636 3056 683 3128 qui
698 3075 715 3110 a
731 3057 843 3126 genibus
862 3067 921 3124 est,
936 3073 985 3109 sua
1001 3055 1030 3109 in
1046 3061 1179 3126 potestate
1194 3055 1277 3110 habet

170 3122 555 3204 supergenualepatriarchae.
661 3129 813 3196 praefectus
830 3125 976 3195 supplicum
994 3126 1132 3198 precibus,
1157 3142 1206 3196 pro
1223 3124 1277 3178 illis

171 3207 217 3260 qm
241 3191 338 3244 iniuria
361 3193 525 3263 afficiuntur,
552 3195 587 3252 ad
609 3194 644 3248 im
664 3203 793 3249 aratorem
817 3195 928 3248 accedit.
1033 3193 1089 3246 eius
1127 3193 1154 3246 ui
1172 3203 1276 3248 secrato

171 3267 280 3330 praeest
297 3275 388 3315 manus
407 3269 509 3332 estut,
533 3265 594 3319 dum
609 3213 709 3318 iuiicia
726 3265 871 3333 habentur,
885 3262 1020 3387 (poputum
1038 3263 1066 3315 in
1084 3281 1099 3316 o
1132 3262 1173 3317 cio
1190 3264 1279 3317 conti-

171 3337 243 3382 neat.
347 3331 498 3401 praefectus
515 3350 608 3388 sacrae
624 3333 746 3388 stationis
767 3333 827 3403 (qui
843 3351 884 3386 mo
903 3332 1008 3388 arandis
1025 3331 1141 3387 muribus
1156 3335 1277 3401 praeest)

171 3403 247 3452 curat
263 3402 293 3451 ut
308 3398 379 3455 iutra
394 3418 498 3458 sacrum
514 3403 643 3476 tribunat
669 3419 717 3458 sea
733 3403 805 3458 intra
822 3402 920 3474 altaro,
947 3402 1052 3456 debitas
1071 3411 1099 3456 et
1116 3403 1277 3457 convenicus
1360 3465 1366 3482 ι

171 3471 236 3522 ordo
253 3470 420 3524 observetur.

240 3537 359 3600 Quartus
376 3539 523 3607 quinarius.
550 3541 665 3596 monitor
681 3558 729 3596 seu
743 3546 885 3610 suggestor
902 3541 934 3594 ad
952 3539 1003 3595 boc
1019 3539 1176 3595 constitutus
1192 3544 1277 3594 estut

172 3605 337 3674 patriarchae
359 3608 440 3663 tacite
456 3619 581 3679 suggerat
599 3611 671 3666 etin
687 3611 838 3665 memoriam
855 3617 973 3664 revocet.
1076 3611 1170 3664 doctor
1193 3625 1276 3660 erats-

172 3674 251 3746 gelii,
275 3677 322 3746 qui
342 3677 533 3747 interpretatur
554 3679 628 3734 illud.
731 3681 825 3734 doctor
841 3679 968 3748 apostoli,
994 3677 1040 3748 qui
1057 3677 1125 3732 illius
1142 3678 1277 3744 interpres

173 3753 223 3798 est.
328 3747 421 3801 doctor
437 3748 559 3819 psalterii
575 3749 702 3822 psalterio
718 3748 880 3820 explanando
901 3749 1058 3804 destinatus.
1161 3743 1277 3798 rhetoris

173 3829 265 3868 munus
285 3821 328 3868 est
343 3816 488 3888 scripturas
504 3819 686 3890 interpretari.

242 3883 359 3948 Quintus
382 3886 527 3954 quinarius.
556 3889 709 3959 praefectus
732 3885 899 3941 monasteriis
916 3884 987 3954 gerit
1002 3901 1060 3939 cum
1079 3898 1173 3952 mamre
1190 3882 1275 3936 sacei-

174 3949 238 4004 lario
255 3955 471 4010 monasteriorum
487 3974 585 4013 curam.
687 3959 838 4028 praefectus
860 3953 979 4008 ecclesiis
1004 3951 1170 4006 ecclesiarum
1187 3969 1275 4007 curam

175 4022 244 4087 gerit
259 4038 317 4076 cum
333 4031 455 4078 curatore
472 4027 573 4086 sacelli.
676 4028 828 4097 praefectus
846 4021 981 4092 evaugelio
998 4027 1071 4074 tenet
1085 4022 1149 4075 iliud
1164 4022 1199 4076 ad
1212 4039 1277 4092 pro-

176 4091 307 4145 cessiones
325 4109 357 4146 ac
372 4092 488 4148 litanias.
610 4095 743 4150 raefeotus
763 4093 905 4149 luminibus
923 4107 1010 4144 curam
1028 4091 1109 4145 habat
1124 4107 1213 4144 eorum
1230 4089 1277 4161 qui

176 4173 259 4230 nuper
282 4159 435 4232 illuminati,
460 4163 511 4217 boc
535 4111 744 4235 estiapnmti,
770 4169 842 4218 sunt.
946 4157 1098 4241 praefactus
1116 4160 1279 4216 antimensiia

176 4242 222 4281 sos
237 4229 283 4296 qui
298 4238 414 4285 sanctam
432 4235 636 4288 communionem
651 4236 791 4305 percipere
806 4230 898 4284 volunt
912 4225 1069 4284 iuutruduclt·¹

242 4297 340 4354 Sextus
362 4301 509 4371 quinarius.
539 4305 640 4374 primus
660 4303 786 4357 ostiarius
802 4302 875 4352 fores
893 4294 1025 4362 custodit,
1050 4296 1111 4352 dum
1134 4295 1280 4352 ordinatio-

178 4379 223 4420 nes
239 4378 409 4438 peraguntur.
512 4375 642 4428 secundus
659 4373 784 4428 ostiarius
799 4373 874 4426 tenet
885 4363 1085 4434 mouumpulum.
1189 4377 1281 4435 proto-
