2958 4918
421 305 467 372 m
491 285 640 374 cantur
658 293 742 374 cnr.
775 307 817 374 n.
1110 309 1182 381 ιιι

78 470 187 550 cipitur
196 469 368 548 megalducas
378 476 601 550 consanguineum
612 493 697 545 ταυτα,
710 481 740 532 et
749 477 790 538 22
802 475 855 536 11:
877 473 988 535 Alexim
997 476 1182 554 megalducas,

79 560 131 636 qai
145 555 227 616 classi
245 563 303 616 arat
317 557 481 635 praefectur.
503 566 641 638 usurpant
651 560 735 620 etiarn
749 557 850 618 Graeci
869 556 1019 624 δουκάτον
1035 582 1086 640 pro
1104 584 1186 640 praa·

74 643 189 722 sectura
207 648 237 700 et
249 641 356 710 xductam
374 646 467 718 etpro
480 651 598 716 maneta,
617 663 690 719 quae
711 645 858 703 Germanis
877 653 923 704 est
940 652 982 706 ein
997 648 1183 710 ducat-udov-

77 721 183 806 κάτωρ
200 728 303 785 doctor.
323 727 387 784 vide
400 727 553 787 Meursium
566 729 596 788 in
617 729 761 789 Glaesaria
784 730 1021 791 Graecobarbara.
1042 731 1107 791 olim
1127 731 1180 790 At·
1198 721 1221 777 P
1240 727 1289 780 139

77 814 154 956 gene
175 817 205 870 et
225 809 400 962 Αῗδεγοετυιο
425 815 556 896 princeps
582 833 696 891 magnac
721 815 948 894 demandabat,
970 822 1003 875 nt
1031 823 1075 874 est
1105 819 1191 898 apud¹

111 916 241 974 negaram
266 942 272 955 .
308 941 317 960 .

153 979 191 1030 Ut
213 977 299 1031 officia
325 995 468 1048 nunquam,
490 978 527 1034 ita
549 998 597 1034 nec
618 981 761 1034 officiarum
786 980 970 1052 appellationes
996 987 1096 1038 tamara
1121 999 1184 1036 oon-

77 1046 234 1102 fundendae.
268 1049 384 1116 quamvis
415 1047 502 1117 itaqua
533 1050 560 1102 in
591 1051 757 1118 posteriorum
786 1051 966 1120 imperatorum
996 1050 1189 1106 constitutioni-'

79 1119 132 1170 bus
154 1123 328 1186 nuncupentur
356 1117 434 1169 duces
458 1117 502 1186 qui
535 1118 654 1174 limitibus
688 1120 809 1172 militibus
837 1119 975 1187 provinciis
1006 1129 1033 1172 et
1061 1121 1184 1174 foedera-

79 1185 118 1240 tis
145 1193 267 1255 praesunt
289 1181 512 1252 (στρατιωτικοὺς
540 1185 712 1256 καταλόγους
736 1188 803 1258 τῇδε
824 1183 976 1255 ίδράσατο,
1005 1185 1047 1250 οἷς
1070 1183 1107 1256 δή
1131 1187 1182 1254 άρ-

80 1273 171 1326 γοντα
188 1251 274 1308 εἰσαεὶ
291 1249 437 1322 ἐφιστάναι
461 1251 604 1325 διώρισεν,
629 1251 662 1309 δν
676 1253 812 1323 Ῥωμαῖοι
828 1256 918 1308 dodra
935 1258 970 1326 τῇ
986 1257 1114 1310 Λατίνων
1131 1275 1183 1311 κα-

82 1324 164 1378 λοῦσι
182 1323 283 1392 φωνή,
300 1323 332 1376 de
349 1323 486 1377 Iustiniana
504 1326 541 1378 ait
561 1326 700 1396 Procopius
716 1325 761 1380 ubi
777 1325 881 1377 deeius
899 1326 1021 1378 aedificiis
1036 1327 1052 1378 l.
1071 1328 1112 1390 3),
1132 1326 1184 1380 dux

80 1399 171 1446 tamen
194 1408 315 1462 magnus,
337 1393 369 1444 de
391 1410 443 1463 qua
467 1393 523 1460 hic,
545 1395 636 1447 navale
659 1395 740 1448 solum
765 1394 812 1446 sub
840 1411 888 1446 sua
910 1394 1075 1476 dispositione
1094 1401 1185 1448 tenere

81 1468 189 1533 potest,
211 1478 242 1514 aa
261 1461 304 1532 ¹ita
327 1462 396 1514 vires
415 1462 514 1532 imperii
536 1480 592 1516 omn
609 1480 701 1531 magna
719 1463 858 1522 domestico
875 1462 967 1515 dividit
981 1470 1011 1516 ut
1026 1464 1082 1535 ipre
1098 1465 1184 1526 marie,

82 1530 237 1584 domesticus
259 1535 343 1584 terrae
367 1537 521 1601 potestatem
545 1531 680 1594 sortiatur,
706 1539 784 1602 prout
806 1549 863 1584 aum
884 1539 990 1585 auctore
1013 1533 1098 1586 rtatim
1123 1550 1146 1585 c.
1165 1532 1183 1586 5

82 1601 208 1668 legemus.
244 1616 297 1653 eam
315 1600 348 1652 ab
364 1617 418 1652 ram
436 1589 480 1653 ubi
502 1603 586 1670 magni
608 1602 739 1656 domestici
762 1618 852 1654 noman
874 1601 1031 1654 terrestrium
1054 1601 1184 1672 copiarum

84 1669 148 1722 duci
162 1668 285 1736 inditam,
301 1669 334 1722 da
350 1685 401 1737 quo
419 1685 501 1739 nuper
518 1670 685 1736 oonieoimua,
703 1677 765 1723 tnnc
781 1671 824 1722 vel
841 1687 890 1722 non
908 1671 984 1724 multo
1001 1671 1082 1724 senua
1098 1669 1185 1738 magni

83 1737 174 1800 danie,
189 1746 218 1793 ut
234 1736 311 1791 marie
322 1739 479 1808 praelectum
497 1740 627 1808 speciatim
643 1739 780 1803 indicarat,
796 1739 929 1806 vulgatum
944 1738 1069 1822 auspicor.
1104 1755 1185 1809 penes

84 1809 233 1876 Gregoram
250 1808 340 1876 itaque
356 1809 374 1862 7
392 1807 409 1860 6
425 1807 491 1860 fidas
504 1815 544 1860 est
560 1814 590 1861 ut
605 1809 708 1862 Atticae
726 1817 755 1860 et
770 1809 927 1861 Athenarum
952 1825 1087 1878 princeps,
1112 1809 1185 1860 mino

84 1877 151 1929 ditia
168 1875 267 1960 imperii
286 1876 330 1931 ΟΡ
349 1877 484 1928 frustulum
501 1877 637 1930 rescissum
654 1877 719 1943 luit,
747 1875 795 1930 mm
813 1893 829 1928 a
845 1877 1009 1930 Constantini
1029 1883 1115 1930 aetate
1128 1894 1186 1930 ma-

85 1945 134 2014 gni
151 1943 233 2014 ducis,
251 1945 306 2015 ipse
324 1945 446 2010 Romanis
462 1947 567 2001 ducibus
584 1946 699 2010 allectus,
720 1945 870 2014 dignitatem
883 1945 962 1999 fuerit
979 1946 1096 2015 adeptus.
1129 1962 1185 1998 me·

85 2021 173 2069 morat
189 2015 243 2068 Leo
261 2015 448 2068 Grammaticus
466 2017 518 2068 cori
537 2014 663 2086 τιλωλμου
686 2009 736 2070 τόν
764 2014 864 2067 δοῦκα.
899 2014 985 2082 magni
1002 2031 1093 2066 namen
1110 2013 1183 2066 addi-

86 2083 129 2136 dit
152 2083 262 2138 Niaataa
286 2082 413 2137 Manuelis
444 2083 566 2138 Comneni
590 2085 607 2136 l.
630 2085 647 2138 2
671 2102 722 2137 non
745 2100 795 2136 una
814 2082 879 2136 loca.
913 2084 931 2135 l.
949 2082 981 2136 a:
1006 2077 1022 2138 ό
1041 2077 1183 2151 Μανουήλ

85 2148 192 2208 στέλλει
213 2147 266 2207 τόν
289 2147 375 2222 μέγαν
399 2153 489 2206 dodau
511 2149 561 2208 τόν
584 2149 818 2220 Κοντοστὲφανον
835 2145 1010 2218 Ἀνδρόνικον
1034 2151 1100 2219 περί
1125 2168 1184 2204 που

85 2217 141 2285 τάς
157 2214 256 2276 ἑκατόν
272 2218 321 2276 aul
335 2219 507 2290 πεντήκοντα
523 2219 647 2291 τριήρεις
664 2219 778 2292 ἔχοντα,
801 2216 844 2274 ότι
866 2217 936 2289 μηδὲ
960 2222 1017 2274 τάν
1031 2222 1183 2275 Βενετικάν

87 2287 106 2346 ό
131 2287 229 2352 στόλος
252 2281 289 2360 ήν
317 2286 496 2359 ἐνδεέστερος.
536 2291 563 2345 in
587 2290 679 2345 Alexio
705 2289 923 2344 Manuelir'lmius
943 2290 982 2343 lle
1016 2284 1141 2359 ὥρμησεν
1166 2283 1184 2342 ό

86 2355 316 2431 πρωτοσὲβαοτος
331 2353 397 2420 τοός
413 2355 596 2422 πιστοτάτους
611 2355 698 2429 στόλῳ
715 2353 858 2426 ἐπιστῆσαι
873 2354 1054 2426 τριήράργας,
1070 2357 1118 2410 καί
1128 2375 1185 2409 τια-

88 2429 229 2496 ραδοῦναι
253 2423 343 2483 αὐτόν
363 2431 424 2492 τοῖς
447 2423 543 2498 ἐκείνῳ
564 2421 637 2482 κατά
660 2425 740 2496 γένος
762 2421 905 2495 ἐγγίζουσι.
939 2429 992 2480 τοῦ
1013 2421 1045 2480 at
1061 2421 1184 2494 μεγάλου

87 2493 194 2560 δουκός
209 2497 260 2552 aad
277 2494 510 2564 Koucooreaoluoo
527 2491 773 2564 άντινινεόσαντος,
790 2493 839 2548 καλ
855 2495 905 2562 τῆς
919 2494 1083 2562 στολαργίας
1098 2491 1184 2548 nauel

85 2563 184 2639 τρόπῳ
215 2559 377 2636 ἒξεγομὲνου
400 2562 437 2628 ὡς
465 2561 541 2638 αὐτῷ
564 2563 613 2620 nal
635 2560 687 2635 οόγ
709 2557 794 2636 ἑτέρω
818 2560 967 2631 δήπουθεν
981 2581 1002 2614 τι
1073 2562 1184 2630 andana,

88 2631 267 2704 ἀναγκαστῶς
283 2631 335 2704 τήν
354 2632 485 2706 βούλησιν
503 2636 693 2705 μετατίθησιν.
728 2631 857 2688 subditura
881 2630 930 2686 aad
952 2627 989 2700 δή
1004 2581 1023 2686 l
1040 2651 1061 2702 μ
1076 2649 1093 2685 ν
1110 2633 1186 2684 Κον-

87 2700 260 2770 τοστέφοινσς
272 2700 444 2770 Ἀνδρόνικος
456 2701 554 2772 κόριος
568 2699 744 2772 καθειστήκει
760 2701 811 2755 τοῦ
825 2695 926 2755 στόλου
941 2696 1055 2763 παντός.
1090 2698 1184 2754 lemnii

88 2775 183 2844 Angeli
200 2774 219 2828 l.
237 2775 274 2840 3οι
293 2770 395 2828 στέλλει
407 2767 543 2836 Ἰσαάκιος
556 2769 607 2828 τόν
625 2773 698 2828 λ’διον
722 2765 877 2838 όξάδελφον
897 2773 1124 2838 Κωνσταντίνον,
1149 2761 1185 2822 δν

88 2842 138 2930 κμλ
155 2843 243 2898 δοόκα
258 2843 311 2926 fari
325 2837 425 2927 μτόλοο
440 2840 625 2930 wandali-eca-
660 2845 733 2896 Anna
757 2841 887 2923 Cannaene
910 2835 997 2908 μίγατ
1019 2839 1110 2892 anano
1123 2833 1189 2892 'Im·.

87 2931 183 3036 mv
196 2915 528 3036 gildsatlrotdlrmfddldaldv
540 2908 1186 3060 „magnypffiig{gergurfflffiolggwagaaa&

88 3050 196 3118 Alexio,
213 3067 334 3103 navorum
352 3049 476 3104 nominum
494 3061 522 3104 et
545 3050 694 3118 dignitatum
717 3055 836 3112 auctare,
862 3061 1132 3115 προκεχειρισμενον,
1152 3062 1185 3098 aa

88 3121 199 3174 inferius
223 3119 312 3174 δοόκα
335 3117 453 3186 Κύπρου
470 3119 631 3174 nominatum.
667 3117 779 3170 meminit
798 3117 873 3170 etiam
890 3115 975 3184 magni
991 3114 1062 3168 ducis
1078 3115 1185 3168 Ιωιίουτ

89 3189 192 3257 Tyrius
207 3191 242 3244 20
263 3191 308 3242 11:
342 3190 414 3242 misit
431 3207 489 3242 οατιι
505 3191 588 3242 olam
615 3187 786 3256 megalducas
810 3186 1027 3254 consanguineum
1043 3199 1133 3247 τουσι,
1157 3189 1186 3236 at

89 3259 128 3314 22
146 3261 191 3314 11ι
214 3259 320 3312 Aleriae
334 3259 512 3326 magnidicam,
530 3259 575 3326 poi
591 3259 668 3310 classi
685 3263 743 3310 arat
757 3259 912 3324 praefectur.
947 3254 1034 3304 innata
1049 3259 1191 3322 corrupta*

90 3344 144 3397 qne
161 3336 221 3382 sunt
236 3327 302 3379 haec
317 3327 411 3390 verba,
432 3327 505 3380 aiunt
524 3327 642 3396 qnidam:
665 3341 765 3393 aqua,
789 3340 838 3375 non
861 3322 1013 3374 edisserunt.
1048 3328 1119 3375 certa
1134 3338 1187 3374 non

89 3397 141 3451 nisi
160 3413 177 3450 a
193 3396 276 3463 Tyria
292 3395 418 3464 scriptore
435 3397 546 3449 barbare
563 3395 738 3463 megalducas,
760 3388 877 3461 μεγάλος
898 3387 1001 3472 dairas
1026 3388 1101 3457 vice,
1123 3407 1185 3459 pra-

89 3465 225 3523 nuntiante
244 3482 367 3521 connexa.
402 3481 454 3518 vox
468 3460 586 3534 μεγάλας
599 3463 710 3516 trivialia
723 3462 797 3524 licet,
822 3474 1000 3530 μετε-μεγας,
1023 3459 1106 3520 minue
1122 3475 1187 3512 ano·

90 3535 160 3589 ιιιολο
175 3535 330 3590 estalateor
347 3534 465 3602 δοόκας,
481 3534 538 3602 viae
553 3529 638 3598 δοόξ,
653 3530 817 3598 gemmetico
833 3529 888 3582 iure
908 3527 1053 3581 recentiora
1068 3526 1156 3582 scribi.
1188 3561 1190 3566 ·

177 3617 238 3696 p.9
254 3635 280 3672 v.
292 3616 322 3678 5.
337 3641 340 3648 ⁴
355 3613 558 3690 Protostratar]
585 3613 718 3672 mendose
739 3609 848 3668 codices
866 3606 993 3666 nonnulli
1012 3598 1188 3688 πρωτοστά-

89 3715 167 3784 τωρ.·
203 3700 319 3759 Nieetas
332 3699 472 3758 matina
484 3704 695 3778 protodoctorem
708 3713 769 3752 esse
782 3692 949 3754 Latinarum
966 3691 1187 3762 mareschalcum:

88 3788 133 3845 ita
148 3783 262 3846 enimin
275 3783 413 3844 Balduino
428 3786 463 3843 de
486 3783 612 3844 Golreda
633 3781 762 3856 loquens:
789 3775 990 3860 μαρόσγαλκος
1007 3769 1048 3856 ria
1069 3769 1188 3851 άξίωμα

88 3863 222 3952 όάνήρ,
243 3871 333 3951 δηλοῖ
350 3867 383 3930 δὲ
403 3863 475 3932 καθ’
494 3867 617 3949 ἕλλιγνας
637 3863 660 3945 of
682 3859 773 3944 φωνή
789 3859 841 3926 τόν
861 3855 1116 3943 πρωτοστράτωρα
1133 3857 1190 3936 (ita

88 3957 287 4033 authentiam,
307 3952 475 4013 siLatinam
496 3955 682 4030 quantitatem
702 3954 826 4027 spectes:
847 3949 967 4008 accurrit
979 3952 1073 4004 tanen
1089 3943 1190 4000 crebra

90 4061 146 4124 per
189 4065 222 4117 a,
243 4037 513 4122 πρωτοοτράτορα).
538 4039 658 4097 Ioannes
684 4034 857 4112 Curapalata
874 4035 904 4092 in
926 4027 1087 4106 Theophila
1103 4033 1188 4086 vacat

89 4132 157 4194 τοόν
174 4120 350 4204 ἱπποκόμων
364 4127 498 4206 πρῶτον,
515 4125 581 4200 quia
595 4123 648 4181 illis
666 4125 804 4200 praeerat.
824 4119 908 4178 etiam
921 4113 1038 4196 simplex
1055 4110 1188 4191 στράτωρ

88 4217 242 4291 usurpant.
270 4211 387 4269 Suidas:
416 4204 549 4290 στράτωρ
579 4201 851 4284 citaristanam.
878 4204 908 4262 iu
935 4193 1087 4261 donatio'ne
1109 4198 1188 4256 Con·

86 4295 228 4387 stantinia'
244 4299 410 4382 οτράτωρος
425 4288 571 4376 duplatam
589 4285 783 4374 lanariorum.-
962 4310 984 4324 ··
1008 4286 1028 4318 ¹¹
1103 4324 1107 4334 ι
