2942 4916
517 331 562 400 IN
589 333 738 402 CODINI
763 333 848 402 clu.
872 336 918 404 V.
1198 337 1274 409 25⁵

172 521 249 582 μονα
261 503 330 559 eunt
342 495 442 577 spolio,
459 497 635 578 praelucet
652 497 726 561 infru
744 519 768 560 c
791 500 832 564 16
853 499 955 562 dicitnr
979 491 1042 563 u’rrrl
1062 501 1120 564 rori
1139 495 1273 582 κοιίρσοο

171 586 233 646 dari
248 603 314 665 pare
331 584 429 662 quintu
442 583 617 663 imperatori:
638 585 734 664 inepte
747 584 844 645 lunius
858 605 891 646 cr
907 605 1002 662 curru,
1021 591 1100 648 verte
1120 605 1155 646 cu
1174 587 1275 668 rpolr'r‘r.

172 671 273 746 quinta
282 689 349 748 pars
361 670 437 729 cedit
450 670 605 730 rationibus
617 689 669 730 seu
683 671 790 731 aerario
806 671 897 750 regis,
917 673 1132 754 rrrurcpurplu3
1150 691 1203 754 pro
1216 690 1276 748 que

171 758 262 816 codex
276 757 344 815 vitio
358 755 464 815 librarii
477 758 687 836 πανταμοιρία.
712 756 779 816 vide
796 755 902 835 Rigalt.
924 757 954 818 in
975 756 1079 822 (ἔλσαι.
1100 777 1127 818 v.
1149 751 1275 838 κου’ρση,

170 842 220 900 ubi
234 841 344 901 lunium
358 841 537 919 reprehendit
550 842 627 918 quod
644 835 705 903 rlrrrl
715 846 777 904 τοῖν
791 841 1037 924 νουρσιυομίνων
1047 862 1076 922 p.
1091 842 1164 909 uec
1178 843 1198 906 5
1212 862 1275 902 vcr-

169 928 208 987 tit
221 948 240 987 u
254 927 417 1001 cursoribus,
439 927 506 1006 quia
515 927 680 988 vertendum
692 933 753 988 erat
767 928 960 1029 expetitura
970 929 1082 1006 praedo.
1102 927 1169 988 lrinc
1182 950 1275 1006 κουρ-

171 1006 291 1083 σείειν,
313 1016 344 1074 et
365 1017 398 1071 ut
418 1012 448 1072 in
473 1011 680 1092 Tureograecia
698 1032 883 1096 roupceuouu
901 1013 1046 1092 praeduri,
1071 1014 1196 1092 populari
1202 1055 1212 1088 ,
1232 1013 1275 1072 sic

170 1118 200 1180 p.
222 1098 263 1163 57
282 1094 435 1178 δεφίνσωρ
453 1101 514 1160 τοῖν
532 1094 760 1181 τουρσευόντων
778 1099 881 1160 rectius
901 1100 1030 1159 redditur
1049 1099 1167 1178 ἀείσιτον·
1185 1117 1274 1162 eorum

71 1206 75 1212 ·
169 1186 221 1264 qui
232 1188 311 1250 extro
324 1182 438 1242 ordinem
451 1185 480 1242 tn
495 1184 581 1244 lorter
595 1186 773 1265 procurrendo
786 1183 852 1245 dont
866 1189 992 1263 impeturn
1009 1190 1036 1244 ct
1052 1191 1114 1244 aute
1131 1183 1275 1244 omuerdi·

169 1271 279 1329 micant.
298 1286 425 1330 cursores
446 1267 521 1330 enim
539 1289 591 1330 seu
607 1264 822 1352 νουρσιιίοντις
840 1277 910 1334 eunt
933 1257 1084 1352 πρόμαχοι
1103 1268 1135 1333 ol
1149 1266 1273 1352 προτρέ-

169 1375 273 1435 χοντες
287 1356 341 1433 τῆς
354 1347 544 1435 παρατάξεως
558 1354 591 1418 lu
604 1358 643 1440 τῇ
661 1357 799 1442 συμβολγῖ
813 1359 869 1418 τοῦ
883 1355 1016 1434 πολέμου
1034 1352 1086 1416 ναί
1107 1359 1172 1428 τοῖς
1193 1350 1272 1430 φεύ·
1304 1375 1308 1382 ·

168 1457 277 1522 γοοσιν
294 1438 415 1521 ἐχθροῖς
429 1433 520 1514 ὀξέως
536 1437 753 1519 ἐπιτιθέμενοι,
774 1446 807 1500 ut
821 1441 862 1501 ait
878 1442 908 1501 in
925 1440 984 1501 suis
1001 1439 1124 1500 Tucticis
1137 1437 1198 1498 Leo
1219 1439 1271 1500 im-

168 1533 291 1604 perator.
311 1524 379 1584 item
392 1544 519 1584 cursores
529 1531 598 1589 sunt
608 1524 738 1606 ίνειίροι,
758 1531 791 1585 ut
804 1527 879 1586 idem
893 1527 1045 1606 imperator
1058 1527 1157 1598 docet3
1177 1526 1271 1602 deque

168 1611 213 1670 nis
223 1609 347 1688 loquitur
359 1609 548 1690 Curopalatu,
568 1629 627 1672 non
640 1617 735 1670 autem
749 1612 785 1672 de
799 1612 974 1689 cursoribus,
995 1631 1067 1689 quos
1084 1611 1185 1670 Graeci
1202 1611 1272 1689 dpu-

168 1701 250 1777 μοῖς,
271 1693 368 1755 Latini
379 1696 494 1775 proprio
507 1715 624 1756 cursores
644 1697 799 1757 nominant
821 1698 905 1756 etium
920 1696 1030 1756 Latinis
1045 1697 1154 1756 mediae
1168 1696 1272 1754 aetatis
1284 1772 1287 1780 .

166 1784 285 1842 currerit
303 1786 372 1840 sunt
393 1782 551 1860 praedones
571 1787 602 1844 et
623 1781 747 1863 piratae,
768 1782 818 1862 qui
839 1788 931 1844 terras
947 1788 978 1844 et
996 1782 1085 1846 maria
1101 1781 1270 1862 praedurum

166 1867 261 1946 gratia
275 1872 450 1946 percurrunt

253 1949 299 2011 De
313 1951 505 2031 pentamoeria
517 1950 678 2032 imperatori
689 1972 724 2014 ex
738 1951 836 2035 spoliis
849 1951 945 2014 danda
957 1951 1072 2032 elegant
1084 1954 1179 2013 exstat
1192 1948 1270 2008 locus

166 2037 198 2098 in
221 2037 338 2100 historie
360 2037 473 2096 Ioannis
492 2039 697 2102 Cantacnzeni:
723 2059 789 2102 uam
812 2060 876 2101 cum
901 2042 937 2100 de
955 2039 1029 2099 bello
1049 2038 1086 2100 ab
1110 2035 1271 2095 Andronico
1338 2073 1344 2086 .

166 2124 336 2202 imperatore
358 2125 492 2184 adversus
516 2123 643 2188 Albanos
667 2133 749 2204 gesto
769 2127 938 2207 partitisque
958 2127 1019 2185 eine
1037 2142 1154 2185 nurnero
1174 2120 1271 2200 spoliis

102 2257 110 2272 .
165 2210 246 2287 agit,
266 2209 307 2268 sic
319 2214 430 2288 praeter
447 2215 559 2272 caetera
575 2211 681 2271 scribit
698 2211 791 2285 ἔθους
804 2209 837 2274 dl
852 2207 941 2288 ὄντος
956 2206 1102 2293 πρότερον
1123 2209 1164 2288 τῆ
1183 2225 1273 2287 στρα-

165 2299 220 2356 τιοῖ
227 2337 236 2372 ,
258 2290 382 2357 ἐπειδάν
395 2317 477 2370 τινος
498 2292 670 2376 κρατήσωσι
689 2291 808 2373 λιίαςτῖ
827 2298 966 2370 πλείονος
984 2291 1007 2378 ἢ
1022 2292 1197 2367 ἐλάττονος,
1216 2287 1273 2372 τήν

164 2355 305 2460 πλμιττην·
328 2385 437 2460 μοῖραν
456 2379 597 2460 παρέχειν
618 2373 769 2462 α’ριστεῖον
788 2382 920 2461 βασιλεῖ,
939 2380 993 2443 καλ
1015 2373 1076 2462 μετ’
1093 2379 1210 2443 ἐκεῖνον
1230 2377 1275 2460 τῷ

167 2459 286 2550 μεγάλω
300 2465 463 2549 δομιστίιιρι
479 2465 550 2544 ίσιγν
564 2459 615 2528 olu
628 2461 668 2546 ἂνγ’
687 2469 744 2546 τῆς
765 2460 925 2572 συμπάσης
942 2463 1102 2548 ἡγουμένῳ
1125 2463 1273 2541 στρατιᾶς,

165 2545 234 2614 τότε
251 2542 342 2614 οὐδὲν
359 2548 486 2614 ἐποίουν
501 2554 563 2613 τοῖν
578 2545 751 2626 εἰωθότων,
773 2549 844 2615 ουιίέ
857 2575 903 2624 τις
919 2546 1048 2632 ἠνώχλει
1070 2541 1182 2620 ου’τοιίς
1202 2543 1273 2624 περί
1320 2609 1324 2620 ,

166 2639 223 2714 τῆς
237 2633 373 2716 πέμπτης
396 2636 522 2720 μοίρας,
543 2627 608 2698 ἄλλ’
625 2629 725 2719 ὥσπερ
744 2635 776 2711 ἐξ
794 2630 933 2700 αἐννοὶων
954 2639 1099 2711 ποταμῶν
1113 2632 1185 2711 ίξῆν
1201 2624 1273 2694 iucl-

168 2739 247 2802 στῳ,
263 2715 344 2786 troo
357 2714 397 2783 clu
408 2716 567 2802 βούλοιτο,
587 2714 695 2805 τιν’ριος
712 2720 866 2805 γενέσθαι.
904 2722 977 2806 haec
989 2723 1212 2782 Cautacuaenus.
1274 2721 1310 2805 'P
1326 2725 1378 2780 207

253 2844 291 2905 lb·
312 2863 339 2903 v·
367 2849 416 2912 17.
445 2848 514 2907 dicit
541 2847 670 2907 Codinus
699 2854 936 2930 protostratorem
966 2869 1001 2910 ex
1030 2848 1138 2928 praeda
1168 2842 1271 2923 capere

165 2921 269 2994 πάντα
290 2923 482 3012 colunnella,
511 2950 584 3008 quae
602 2932 760 3012 appellatur
781 2935 915 3012 φοτλλια.
942 2952 1015 3011 quae
1032 2934 1071 2991 sit
1085 2931 1158 2990 ratio
1185 2928 1269 2988 huius

165 3015 302 3093 nominis,
323 3017 449 3076 nondrun
470 3036 488 3076 a
512 3017 579 3075 viris
602 3019 692 3078 doctis
712 3020 881 3097 explicatum
900 3017 960 3082 eet:
984 3037 1050 3081 nam
1073 3018 1150 3096 quod
1171 3013 1268 3075 lunius

161 3102 264 3180 futilia
277 3102 380 3179 vertit,
400 3102 431 3160 id
446 3108 600 3183 pancorum
615 3104 822 3183 approbatione
841 3103 916 3167 fecit.
936 3111 1005 3166 sunt
1027 3104 1075 3182 qui
1091 3103 1270 3184 erupieentur

165 3185 316 3266 legendum
330 3182 463 3268 (luculleo,
484 3188 539 3248 hoc
551 3195 596 3250 est
610 3191 750 3250 victualia
774 3225 780 3240 ·

189 3357 191 3364 ,
235 3301 301 3355 illd.
327 3319 391 3355 vere
406 3302 504 3371 sutilia
528 3309 588 3357 runt
611 3308 639 3358 et
665 3304 800 3388 pueriliter
822 3323 839 3362 a
861 3303 1013 3377 quibusdan
1031 3300 1132 3372 ingesta
1150 3301 1217 3356 circa
1238 3293 1272 3354 τό

166 3370 311 3439 portitor,
329 3371 397 3490 rprod
416 3371 526 3426 Graecis
540 3372 742 3442 recentioribus,
759 3374 828 3429 elcut
843 3383 870 3430 et
881 3373 976 3430 Turcir
985 3366 1018 3428 τὸ
1030 3373 1094 3438 fluit,
1112 3371 1182 3442 quod
1192 3370 1271 3440 primo

166 3439 251 3492 refert
270 3439 335 3506 τίλγτ
353 3443 441 3509 utum,
467 3440 559 3495 deinde
571 3447 667 3510 struem
719 3443 812 3512 ritem,
839 3461 889 3514 quo
908 3443 1001 3497 militer
1027 3441 1160 3495 tormentis
1180 3437 1272 3507 explo-
1317 3475 1319 3478 -

96 3517 101 3526 '
166 3506 257 3560 dandis
275 3505 370 3560 diutine
388 3517 493 3560 renunc
510 3511 611 3574 ignem,
636 3513 678 3565 rut
692 3513 725 3565 lue
744 3511 771 3564 d'
792 3515 957 3584 urpuelura,
984 3511 1070 3561 ultimo
1099 3506 1272 3562 vulnerarium

165 3577 314 3646 peniculum
332 3592 348 3628 a
365 3575 490 3645 chinrrgir
505 3575 538 3628 ud
558 3576 664 3628 vulnera
679 3577 821 3644 probanda.
855 3579 993 3648 spoliorum
1002 3577 1089 3646 itaque
1100 3585 1196 3646 purtem
1208 3591 1271 3658 pro-

166 3646 299 3700 tostratori
318 3644 471 3714 assignatam
488 3643 620 3696 vocabunt
635 3643 728 3697 militer
745 3644 874 3714 φυτίλιοι,
893 3645 965 3717 quusi
977 3645 1009 3699 ad
1028 3645 1095 3698 linea
1106 3647 1147 3697 vel
1159 3651 1270 3715 pyritem

166 3713 339 3784 comparanda
356 3712 414 3766 leve
433 3713 618 3767 adminiculum.
653 3713 692 3766 sic
708 3713 850 3767 officiorum
868 3715 982 3786 praemia
1001 3714 1097 3768 Graeci
1113 3713 1269 3780 λίσσωμαι-

138 3794 140 3799 ’
165 3784 257 3850 τίλιοι,
282 3782 410 3836 Gallicum
434 3783 527 3850 vulgus
556 3781 729 3846 chirothecae,
773 3783 894 3838 uellarum
922 3782 1032 3838 aciculae
1059 3791 1101 3836 otc
1116 3782 1219 3846 dicunt,
1240 3787 1270 3834 ut

167 3850 743 3991 titt,t“ltqtlffltlztlt‘llllllc
763 3851 999 3991 ‘illinita
1007 3852 1120 3989 till
1132 3866 1271 3985 llll}

166 3992 288 4058 reparata
312 4008 344 4042 ex
372 3988 462 4058 Regiis
487 4007 549 4043 veru
570 4006 744 4076 germanaque
769 3991 881 4046 lectione
903 3992 1021 4046 discimus
1040 4007 1097 4042 erre
1112 3989 1168 4042 coir
1185 4006 1270 4056 ιιονρ-

166 4053 324 4125 σιοομὲνων
341 4053 418 4130 ζῴων
434 4056 529 4112 πάντα
545 4077 580 4111 τα
597 4059 725 4127 ποικίλα,
742 4060 915 4115 animantium
930 4062 1033 4130 praeda
1045 4064 1177 4141 rupturum
1188 4075 1269 4127 puae·

167 4145 267 4196 cunque
279 4128 343 4197 pr'lr‘r
360 4135 384 4180 et
403 4128 486 4180 colore
501 4135 562 4180 eunt
580 4129 674 4180 νοτίαν
692 4128 800 4200 quaerit
816 4130 883 4183 enirn
899 4129 1035 4183 discoloria
1046 4135 1119 4180 etrum
1131 4126 1207 4180 hodic
1218 4144 1267 4179 νο-

166 4202 228 4278 cant
243 4195 373 4320 mllloe’
382 4196 531 4267 'cademque
547 4193 573 4249 iu
589 4197 783 4268 protostratoriu
797 4206 893 4254 sortem
910 4217 943 4253 ex
957 4196 1055 4269 praeda
1071 4195 1206 4266 obtingunt
1217 4212 1264 4252 σου

163 4281 221 4320 οισι
239 4283 296 4333 (pur
333 4283 361 4319 α.

236 4351 273 4407 a.
290 4367 316 4408 v.
337 4353 378 4410 λοι
395 4342 432 4410 τοί
448 4344 666 4424 προστάγματα]
677 4341 836 4423 tultum
846 4355 930 4430 Υτοοιι
944 4351 989 4410 lu
1008 4352 1062 4410 GR
1078 4344 1264 4419 urmatten
