3034 4916
503 347 550 418 m
573 347 720 418 coum
747 349 831 420 cu.
855 347 950 439 xlv.
1183 353 1258 423 aar

163 503 311 572 Ἰουδαίοις
325 506 599 581 σοιαμοοιινήσαιμιν
615 516 665 571 etr.
695 512 762 566 laria
801 517 876 568 uaria
891 513 983 566 lterum
999 511 1101 568 incerua
1118 527 1258 583 cereosque

167 577 280 647 spargit,
298 577 346 632 isos
364 574 380 633 b
397 573 464 640 λαός
479 576 530 643 τοὶς
545 585 638 650 χεῖρας
658 578 743 636 πάλιν
762 529 809 639 iil
831 577 863 636 τό
888 583 939 650 τῆς
965 580 1092 650 νηστείας
1113 577 1259 650 adprobas·

166 643 239 717 μήσῃ
256 641 390 716 πέλαγος,
408 645 456 700 καὶ
472 645 524 718 τὴν
539 647 627 704 νύκτα
644 650 699 704 τῶν
716 645 803 721 ἁγίων
819 652 923 704 παθῶν
938 650 992 704 τοῦ
1006 651 1127 716 Χριστοῦ
1137 647 1259 720 λαμπάσι

166 712 385 788 νοιταιιοςσεύσῃ.
407 724 496 771 sancto
513 719 555 772 dia
574 720 685 790 paschae
703 719 839 789 persolutis
856 719 984 772 matutinis
1005 718 1121 787 precibus
1139 721 1259 792 populum

166 801 264 837 omnam
281 784 314 837 ad
331 790 444 838 sanctum
468 788 579 841 osculnm
598 805 676 859 supra
700 789 853 858 descriptum
877 788 984 857 excipit,
1010 803 1042 839 ac
1066 787 1139 840 simul
1163 789 1260 842 minuta

166 868 244 918 aera,
260 847 413 920 τρικέφαλοι
429 856 470 940 ob·
480 856 554 940 trium
568 857 747 941 imperatorum
763 857 835 942 simul
854 855 1013 940 regnantium
1036 855 1147 940 effigiem
1165 857 1260 941 u'ia'im·
1320 847 1331 876 ⁹

165 937 280 1050 iiiii
287 923 526 1060 abitabit*
534 921 1260 1079 „tttttttttttttbttt'tistitttptt'it

166 1053 392 1145 baioaricum&
401 1054 433 1114 ἔν
449 1058 517 1129 φιλή
537 1079 582 1115 οισι
599 1056 668 1133 ἁγίῳ
685 1064 838 1130 aspernaris
850 1059 1070 1128 ιιατασιιοίζειαι,
1087 1059 1136 1114 aab
1146 1079 1198 1113 ανο

1227 1081 1260 1122 ⁰²3

166 1143 233 1186 tvvs·
248 1129 411 1196 θησαορσνς
425 1131 475 1197 τῆς
490 1147 503 1184 a
522 1129 616 1200 λογίοις
632 1127 720 1184 αὐτοῦ
744 1131 882 1196 δεξιοῦται
904 1125 1005 1191 αὐτοὺς
1020 1128 1182 1198 νομίσμασιν
1198 1125 1256 1182 tu-

165 1212 225 1262 μοις
240 1190 292 1262 μὲν
307 1192 379 1250 κατὰ
395 1192 428 1251 τὸ
444 1195 630 1268 φαινόμενον,
645 1201 758 1260 πολλοῖς
778 1198 810 1253 ab
826 1193 899 1253 aurai
915 1193 949 1252 roi
965 1193 1125 1265 νοούμενον.
1143 1198 1208 1252 llaec
1225 1215 1258 1251 ex
1275 1197 1278 1209 '

166 1263 316 1318 Balaamone
331 1265 459 1321 Meditata
475 1268 508 1321 de
523 1268 633 1324 incensis
651 1285 718 1338 quae
734 1285 751 1321 a
770 1269 913 1339 patriacha
935 1266 989 1320 dari
1007 1267 1091 1320 solent
1107 1272 1158 1322 ete.
1191 1267 1258 1319 luris

167 1332 228 1385 GR.
248 1332 265 1389 Ι.
278 1335 305 1388 7.
321 1333 431 1404 quibus,
447 1335 470 1390 si
487 1337 631 1390 waiectura
647 1339 761 1406 placeat,
784 1338 873 1391 lubens
894 1335 1030 1390 addiderim
1053 1334 1149 1390 aulicos
1165 1352 1259 1420 proca-

167 1417 209 1452 res
233 1401 267 1453 ad
290 1403 385 1470 regiam
410 1401 582 1470 παράστασιν
605 1405 743 1476 officiaque
765 1405 938 1460 ecelesiastica
962 1404 993 1458 iis
1016 1403 1105 1458 diebus
1128 1411 1155 1456 et
1169 1403 1257 1456 lisdem

167 1467 236 1521 horis
263 1470 295 1523 ad
315 1472 436 1540 palatium
459 1475 654 1542 convenientes,
676 1491 724 1526 nec
746 1474 806 1528 dato
830 1481 889 1529 ture
910 1473 953 1526 vel
976 1473 1062 1526 osculo
1080 1489 1097 1524 a
1114 1473 1258 1542 patriarcba

166 1543 315 1662 eppepetpapi
321 1541 416 1662 spoia·
432 1559 540 1665 ιιοοτιιέο
556 1543 707 1667 Ἠιοιιὲιιίι
722 1542 764 1665 {pr
773 1543 891 1666 precipui:
914 1541 1049 1608 honorari,
1071 1558 1105 1596 ua
1121 1541 1164 1594 rel
1181 1539 1259 1612 pretii

178 1669 179 1672 Ἴ
276 1627 331 1662 ec
368 1627 497 1682 nraapara
541 1629 558 1686 p
629 1629 655 1666 rr
674 1629 721 1666 aaa
782 1631 839 1666 arcu
891 1629 915 1670 a.

251 1715 286 1772 ab.
302 1731 329 1772 v.
345 1718 395 1777 20.
416 1717 583 1775 recentiores
602 1716 701 1775 Graeci
722 1716 893 1774 adulatoriae
910 1715 978 1773 artis
992 1734 1050 1772 non
1066 1714 1186 1793 imperiti
1205 1733 1259 1774 suo

166 1796 329 1874 imperatori
351 1799 438 1858 ferme
459 1786 551 1858 omnia
567 1801 651 1859 etiam
671 1799 840 1880 episcopalia
860 1806 890 1856 et
906 1799 1089 1857 sacerdotalia
1102 1800 1196 1858 munia
1208 1801 1260 1858 tri-

168 1881 307 1958 buerunt,
333 1881 407 1941 inter
426 1889 535 1943 caetera
552 1883 710 1962 ingressum
729 1886 766 1942 ad
792 1885 880 1943 altare
902 1888 933 1941 et
947 1883 990 1942 ius
1012 1902 1120 1941 sacram
1135 1903 1260 1942 mensam

166 1971 231 2023 ture
247 1968 415 2046 vaporandi,
435 1970 548 2029 condito
566 1971 650 2030 etiam
668 1988 810 2029 emoneo
832 1967 968 2026 Trullano
993 1967 1140 2046 synedrio,
1161 1974 1198 2027 et
1216 1974 1262 2027 eat

167 2067 259 2109 οοιιοιι
275 2053 324 2115 69.
365 2053 438 2113 nulli
448 2057 562 2114 omnium
572 2055 668 2128 liceat,
688 2059 736 2132 qui
749 2055 851 2134 pridem
860 2057 896 2112 rit
909 2055 939 2112 in
951 2052 1080 2111 laicorum
1094 2071 1207 2127 numan,
1216 2057 1259 2112 in·

166 2140 213 2194 tra
229 2155 334 2196 saunari
351 2137 439 2198 adare
452 2140 575 2221 ing-redi,¹
601 2141 636 2199 ab
651 2159 681 2198 eo
694 2146 782 2198 tamen
799 2155 963 2218 nepmpsann
982 2137 1116 2215 pralibita
1131 2143 1263 2216 potestate

167 2226 193 2280 et
208 2225 370 2282 audacitate
385 2227 562 2302 rinpaotoria
585 2224 689 2305 mando
705 2225 806 2302 quidem
821 2223 934 2283 adunit
955 2225 1069 2281 arctoi
1083 2222 1151 2281 dona
1172 2223 1264 2300 offerre

167 2323 201 2364 er
222 2304 407 2386 antiquariae
428 2309 579 2369 traditione.
620 2308 668 2368 ubi
685 2308 848 2367 Balsumou:
875 2307 909 2367 de
922 2307 1121 2386 imperatoribus
1137 2307 1265 2366 diruant

56 2436 62 2444 .
168 2389 277 2468 quidam
290 2392 375 2452 oerbir
400 2396 506 2453 cunonis
521 2396 683 2466 ιὀοίολοιιίιι,
710 2393 780 2470 qaod
806 2398 869 2452 tunc
892 2411 946 2450 non
963 2391 1168 2468 prolabebantur
1190 2395 1264 2452 intra

163 2475 260 2553 ‘tempti
285 2477 371 2556 αάμλσ
386 2478 494 2554 ingredi
507 2478 613 2557 pondo
632 2483 693 2538 eunt
709 2478 758 2536 deo
774 2495 881 2536 munero
901 2475 1034 2550 oblaturi,
1062 2495 1115 2534 uon
1129 2481 1218 2534 autern
1237 2478 1264 2534 si

168 2560 251 2620 solius
274 2561 440 2621 σάιοσιίιιιίι
467 2565 561 2640 gratia
585 2561 804 2642 spara-ingredi
827 2560 966 2619 uotum'ut.
1008 2557 1054 2618 red
1073 2559 1140 2617 nu’bi
1153 2579 1204 2618 non
1221 2562 1263 2620 ita

167 2643 283 2708 aidane.
325 2645 466 2706 ortbodoai
479 2650 547 2708 αιίιιι
563 2649 746 2727 imperatorer,
766 2648 866 2725 μοιμοι
883 2645 917 2704 S.
927 2647 1059 2703 trriritotie
1073 2647 1262 2703 invocationem

163 2730 337 2810 patriarcbco
354 2733 543 2810 provebuntet
562 2739 623 2793 runt
647 2732 749 2793 Cbrirti
768 2731 885 2808 donini,
915 2728 1049 2808 siaexulto
1072 2729 1261 2806 inpedimento,

168 2815 275 2894 μναιαίο
289 2816 434 2893 adamat,
463 2817 622 2878 adsuenda
641 2818 729 2878 altare
747 2814 874 2876 accedunt
897 2821 923 2874 et
946 2813 1054 2891 aeffiant
1075 2819 1102 2872 st
1123 2833 1180 2872 curn
1202 2831 1263 2873 cera

168 2901 343 2962 τλσισοίοιοιιι
359 2905 526 2981 ιὀιμιίοιιιιιλ,
547 2905 618 2962 aaut
633 2907 659 2961 et
673 2904 816 2963 aarum.
857 2897 903 2960 red
918 2903 998 2958 etiam
1012 2897 1138 2978 populun
1152 2897 1190 2957 ad
1204 2918 1263 2958 eun

167 2987 359 3046 instandum
375 2987 483 3058 doceretr
504 2987 573 3068 quod
588 2986 651 3045 colio
663 2986 739 3045 illiue
751 2987 866 3063 regionis
879 2985 1044 3044 antistitibus
1055 3001 1198 3041 τοιιοοοοιιιιι
1214 2989 1261 3041 eet.

168 3070 284 3151 palpum
296 3090 364 3150 ergo
379 3073 491 3152 egregie
506 3073 632 3132 obtrudit
651 3071 801 3130 Balsamon
814 3069 993 3150 imperatori3
1013 3073 1043 3126 et
1056 3067 1179 3128 babebat
1195 3067 1263 3130 sacti

167 3156 212 3228 sui
233 3175 348 3236 musas,
375 3159 442 3234 quia
463 3156 604 3218 ambiebat
622 3155 841 3236 patriarchatum
860 3155 1057 3234 Cpolitanum‚
1089 3153 1166 3212 cuius
1190 3153 1264 3211 obti-

168 3241 254 3298 nendi
270 3261 328 3300 non
342 3243 498 3320 apparebat
513 3243 609 3303 melior
627 3243 700 3302 ratio
719 3260 803 3317 quam
825 3245 858 3299 ut
873 3259 925 3318 per
942 3236 1145 3298 assentationes
1162 3255 1224 3296 sese
1233 3237 1263 3296 in

168 3343 277 3384 suruma
293 3327 384 3403 matie
400 3329 478 3406 apud
494 3329 689 3409 imperatorem
705 3330 832 3405 poneret.
872 3325 924 3381 sed
944 3321 1056 3400 vulpes,
1085 3324 1197 3382 tametsi
1214 3341 1263 3381 va-

168 3411 229 3486 fra,
253 3409 289 3469 ab
306 3409 366 3470 aliis
383 3427 471 3488 aeque
485 3413 570 3472 rastis
587 3411 716 3491 vulpibus
731 3410 828 3468 delusa
841 3412 894 3465 est
935 3407 1012 3466 cuius
1032 3407 1068 3467 ob
1086 3409 1191 3467 desitas
1213 3425 1263 3466 au-

169 3513 240 3552 nuas
257 3513 341 3573 rogas
356 3500 387 3554 et
402 3497 574 3574 pecuniarias
591 3496 753 3573 largitiones
772 3491 838 3553 audi
855 3510 960 3567 quaeso
982 3491 1209 3553 lamentationem
1229 3509 1264 3550 ex

169 3577 290 3656 epistola
312 3581 349 3638 de
368 3580 493 3640 lucensis
511 3579 530 3640 l.
550 3579 659 3645 ilaris
679 3579 744 3638 GR.
785 3578 952 3637 ιιίιίιιίιιισιιι
970 3597 1105 3639 manum
1121 3581 1262 3656 inperato-

169 3681 230 3722 ινιτ
250 3665 499 3742 οιίιιισιτμστλῐοιιτιι
518 3671 544 3724 et
561 3665 776 3742 patriarcbamnr
797 3661 996 3740 amptitudinem
1014 3666 1083 3721 inter
1097 3661 1156 3720 atio
1172 3659 1263 3718 reddo-

170 3751 235 3807 bant
260 3747 321 3806 otim
344 3754 523 3825 augustiorem
550 3752 630 3809 dian
659 3767 765 3808 οιιοαστ
792 3767 874 3823 rogae
899 3767 933 3806 ac
954 3747 1070 3806 baioraon
1093 3746 1262 3820 largitiones.

170 3838 267 3912 quippe
282 3832 404 3894 sedebant
416 3839 494 3894 ornus
509 3834 624 3911 sagulis
639 3836 763 3910 adusque
776 3836 895 3910 temporis
908 3831 1080 3910 patriarchae
1097 3849 1131 3888 ac
1147 3831 1260 3908 imperu-

170 3925 254 3994 tores,
274 3924 299 3976 et
308 3937 356 3996 per
368 3919 433 3978 baec
446 3919 563 3979 subditos
578 3919 615 3978 ad
634 3917 832 3977 benevolentiam
849 3919 1010 3977 inuitabant.
1051 3917 1124 3973 nouit
1141 3915 1190 3972 boc
1208 3935 1262 3992 pa-

171 4009 242 4063 truni
262 4007 462 4082 eauaiptorum
481 4006 657 4083 ampliaturus
679 4001 756 4076 ordo,
781 4021 815 4061 ac
828 4000 958 4081 fortassis
976 4002 1056 4058 aaa
1077 3998 1199 4058 nonnulli
1216 4002 1264 4078 qui

173 4087 224 4146 bac
239 4093 328 4147 aetate
343 4095 432 4148 nostra
447 4093 551 4149 uiuant.
592 4109 642 4148 non
655 4091 723 4146 enim
739 4094 801 4146 ante
815 4092 931 4164 tempora
943 4081 1070 4143 Euclidic
1079 4083 1187 4160 prodita
1200 4090 1261 4144 runt

171 4173 258 4248 gerris
264 4219 273 4249 ,
294 4193 340 4232 nec
352 4177 537 4234 conviantium
558 4175 704 4234 vetularum
719 4170 841 4250 fabellae
862 4175 940 4242 eunt,
963 4169 1009 4227 red
1026 4187 1108 4244 usquc
1126 4169 1164 4227 ad
1181 4172 1263 4248 impe-

172 4259 241 4314 rium
258 4257 358 4317 domiai
372 4259 538 4318 cornarani
550 4259 643 4321 Durae
660 4258 768 4318 duravit
781 4259 913 4330 augustus
929 4253 1110 4312 λίσσοιτο
1131 4257 1159 4314 ia
1178 4258 1263 4332 ipsius

173 4340 219 4400 dei
235 4360 314 4420 quara
331 4345 514 4426 imperatorum
533 4347 624 4426 τιμίας
644 4349 670 4404 et
692 4343 792 4404 οιιαιίοο
806 4340 901 4401 bonurn
917 4338 963 4400 boc
977 4337 1014 4400 ad
1026 4359 1072 4400 nor
1090 4357 1188 4420 proque
1197 4357 1262 4419 pro-
