2942 4916
291 286 365 358 ros
451 284 662 356 cnsrsnns
676 285 730 354 ss
745 283 877 354 cosm
891 253 1261 370 nouusursnsuss

173 467 196 557 ·’
286 448 449 574 βίομβμβμιλιι
472 451 516 524 qui
533 427 683 519 eniu‘ulto,
710 463 806 522 prave,
825 450 871 523 qul
888 448 1002 518 tardius,
1019 447 1231 523 scribitquoque
1244 448 1342 505 metius
1363 453 1389 503 et

356 607 383 660 p.
400 591 432 644 11
450 605 477 646 v.
497 592 539 646 λλ.
562 581 642 644 ilat
661 590 717 644 τῶν
732 583 923 658 ἀναμνήσεσι]
941 588 1126 657 memorialem,
1144 606 1219 660 quem
1230 605 1275 642 mc
1300 587 1388 640 ‘truso

286 659 426 712 momoriae
442 663 520 712 vocat
537 658 638 729 Imperii
653 657 769 726 Notitia,
787 659 1000 728 putetMenrsius
1010 659 1164 723 institutum,
1187 663 1216 710 ut
1230 658 1273 710 lau
1291 656 1387 708 stiones

286 744 374 786 eurum
390 729 434 797 qui
454 727 561 781 militiae
577 734 623 781 sut
639 727 699 780 alibi
716 728 817 781 fortiter
832 745 860 781 se
879 730 1020 797 gessissent
1037 727 1184 798 imperatori
1194 733 1350 796 suggereret
1360 742 1388 777 ac

285 795 406 866 praemiis
425 797 626 850 cohonestandos
643 796 807 858 admouerets
826 798 973 867 clarumque
983 796 1133 864 istiusmodi
1148 795 1229 850 officii
1246 812 1276 848 se
1296 811 1388 864 reppe-

285 865 353 918 risse
372 866 468 932 gaudet
486 871 672 920 munumentum
690 873 743 919 turn
762 867 832 935 apud
852 873 981 920 auctorem
998 883 1021 919 c.
1044 866 1076 932 ⁵,
1094 872 1146 918 tuus
1163 865 1233 936 apud
1255 863 1387 932 Agathiaru

285 933 303 986 l.
319 933 354 999 4,
370 933 410 991 bh
427 935 531 988 verbise
551 929 581 988 ἐκ
600 929 732 1006 βασιλέως
741 937 781 999 τῷ
792 931 941 1003 Ῥούστίκφ
957 929 1026 1020 ἔχων
1042 927 1194 1004 ἐπίταγμα,
1221 928 1264 1001 ἐφ’
1283 921 1308 1004 ᾤ
1327 929 1386 985 ἕκα-

284 998 337 1056 στά
361 1021 391 1057 τε
418 999 454 1058 τά
471 1000 626 1071 ποιούμενα
643 1001 683 1066 είς
700 1000 731 1060 τὸ
749 999 863 1079 ἀκριβὲς
880 1004 1048 1090 θιαμγελλειν
1065 1002 1113 1058 καί
1127 1001 1161 1056 τὸ
1178 1003 1234 1056 coir
1253 1018 1386 1069 πραττο-

283 1072 340 1125 τοῖν
359 1066 424 1134 τούς
443 1068 638 1141 ἀριστεύοντας
656 1077 715 1135 τοῖς
735 1073 882 1144 βασιλείοις
896 1073 996 1140 ἀωροις
1012 1074 1258 1141 φιλοφρονεῖσθαι.
1293 1076 1323 1123 at
1340 1086 1387 1121 riou

282 1142 383 1194 unicum
407 1144 456 1194 hoc
481 1150 523 1196 est
542 1142 696 1198 memorialis
717 1159 819 1207 munus,
842 1142 887 1214 qai
910 1142 942 1196 de
964 1142 1080 1194 omnbus
1106 1141 1139 1194 ad
1160 1140 1345 1210 rempublicam
1363 1147 1387 1191 et

282 1210 422 1280 principem
439 1211 629 1280 spectantibus,
654 1211 804 1282 depublico
825 1211 891 1264 bono
910 1210 1077 1278 adaugendo,
1104 1211 1265 1264 removendis
1289 1209 1385 1279 iucom-

282 1279 395 1351 orodis„
408 1279 696 1351 puniendisaceleribus
714 1299 796 1350 aeque
813 1298 844 1334 ac
860 1280 956 1332 virtute
975 1297 1028 1332 coru
1048 1278 1161 1335 ensaudu
1177 1279 1259 1348 ipsum
1276 1293 1386 1330 commo-

281 1364 345 1400 nere
363 1365 395 1402 ac
414 1365 573 1402 commovere
597 1367 672 1402 susce
690 1350 718 1402 it.
752 1367 802 1402 non
827 1349 1008 1418 repudiandum
1030 1297 1091 1400 huic
1108 1348 1253 1401 sententiae
1270 1347 1385 1400 testimo-

281 1415 350 1470 uium
367 1417 461 1487 promit
481 1418 612 1471 cedrenus
629 1418 656 1470 in
672 1368 787 1482 festino,
814 1419 859 1471 ubi
876 1421 1024 1488 praefectus
1043 1416 1113 1470 urbis
1129 1417 1257 1486 loquitur:
1282 1431 1385 1484 σύγχω-

284 1487 366 1554 ρείτω
388 1503 421 1553 με
442 1479 459 1554 ἡ
480 1487 603 1557 βασιλεία
621 1503 672 1539 σου
690 1484 862 1556 ελσέρχεσθαι
881 1483 952 1552 πρός
965 1503 995 1540 σε
1022 1480 1169 1547 ἀκωλύτως
1186 1485 1239 1538 τού
1255 1480 1293 1542 τά
1317 1481 1384 1552 ἀνή-

282 1572 370 1608 κοντα
387 1552 604 1625 ὑπομιμνήσκειν
619 1551 652 1608 τύ
668 1553 771 1618 κράτος
785 1573 853 1624 σου,
873 1555 922 1610 καλ
941 1555 1044 1627 βεβαιῶ
1062 1550 1131 1624 μετά
1149 1549 1305 1620 τριάκοντα
1322 1550 1383 1621 ἡμε-

281 1624 341 1688 ροῖν
359 1619 397 1692 μὴ
417 1621 593 1691 εὑρίσκεσθαι
607 1620 658 1679 τύν
677 1621 831 1678 ἀδικοῦντα
847 1617 869 1693 ἢ
887 1620 1089 1693 ἀδικούμενον·
1107 1620 1134 1676 εί
1150 1619 1184 1675 de'
1201 1641 1244 1685 τις
1259 1618 1386 1692 ὑπομνή-

282 1707 324 1744 σει
341 1693 407 1758 περί
422 1698 497 1756 τίνος
510 1688 673 1758 ἀποθέσεως
690 1684 724 1764 ἧς
744 1691 853 1765 ἤκουσα
870 1686 924 1764 ἀρά
938 1689 989 1748 καλ
1005 1687 1059 1751 usis
1083 1688 1246 1763 λξεύίκηοα,
1269 1694 1384 1762 κεφάλι-

282 1760 339 1824 soie
355 1759 594 1832 τιμωρηθήοομαι.

351 1850 386 1906 ib.
406 1867 433 1904 v.
453 1853 494 1904 18.
533 1845 727 1920 ὄθομέστικος
742 1849 799 1906 τῶν
822 1845 946 1920 τειχέων]
967 1865 1044 1918 reges
1072 1848 1191 1904 mucules
1215 1851 1385 1920 imperatores

279 1916 358 1970 muris
376 1913 454 1972 urbes
470 1918 580 1972 cinxisse
597 1939 647 1974 uon
663 1922 836 1991 infrequenter
849 1919 971 1988 legimus3
989 1919 1114 1973 hellurum
1133 1919 1212 1972 duces
1234 1918 1315 1972 'etiam
1337 1919 1384 1970 boc

278 2002 344 2039 onus
363 1989 530 2056 assumpsisse
549 1989 667 2042 Belisarii
682 1989 853 2058 Narsetisque
871 2005 914 2041 res
926 1994 1015 2056 gestae
1026 1987 1132 2042 ducent:
1152 1987 1256 2042 transiit
1266 1989 1319 2040 hoc
1330 1995 1382 2042 stu·

277 2055 345 2107 dium
365 2056 398 2108 ad
420 2055 490 2125 ipsos
509 2057 609 2110 urbium
623 2057 746 2129 populos,
765 2076 796 2110 ac
814 2060 914 2112 demum
928 2057 1009 2126 plebis
1028 2058 1160 2127 expensis,
1180 2073 1249 2109 noro
1268 2075 1285 2110 e
1297 2057 1384 2110 Leone

276 2123 367 2176 isauro
386 2123 505 2197 imposito
519 2126 631 2190 tributo,
657 2145 781 2196 nusquam
798 2133 881 2180 muron
897 2126 1016 2197 deinceps
1035 2127 1179 2188 exstincto,
1208 2127 1283 2178 fuere
1309 2124 1383 2194 epoti

275 2185 412 2314 diffiniri
428 2193 610 2318 o'l'heopbepep
626 2195 726 2318 ipdeius
744 2197 827 2284 him,
838 2190 1056 2320 tascodrppevri
1086 2192 1195 2316 σεθισμός
1215 2189 1383 2316 μκδξνοὶςλδεύ-

216 2324 218 2328 ’
274 2331 319 2400 a
341 2299 403 2402 aa
427 2280 479 2386 rt
495 2265 651 2396 titt„
668 2281 956 2402 hutiletas
977 2279 1384 2408 :testastur-:tlt

275 2395 411 2468 ετάξαμεν
425 2403 486 2464 τοῖς
522 2407 674 2472 ιοικηταῖς,
698 2401 745 2457 καλ
771 2399 938 2456 ἀπαιτοῦσιν
957 2398 999 2464 είς
1011 2395 1065 2455 τὸν
1086 2397 1196 2456 κανόνα
1215 2398 1383 2468 ὁλοκοτίνιν,

273 2471 435 2537 μιλιαρίσιν.
471 2470 519 2524 καί
538 2469 673 2543 λαμβάνει
693 2467 763 2526 aiei
784 2468 804 2540 ἡ
827 2471 964 2544 βασιλεία,
987 2469 1036 2523 καλ
1054 2469 1139 2533 κτίζει
1155 2464 1191 2522 τά
1216 2470 1303 2540 τείχη.
1340 2465 1381 2523 ἒν·

273 2538 377 2592 τεύθεν
393 2529 445 2593 ούν
462 2535 648 2611 ἐπεκράτησεν
665 2537 684 2610 ἡ
703 2539 842 2610 συνήθεια
861 2539 951 2594 hidem
971 2534 1007 2592 τά
1031 2535 1165 2606 arctoam
1190 2543 1252 2600 τοῖς
1273 2539 1380 2608 διοικη-

272 2610 345 2670 ταῖς.
379 2609 485 2662 scinde
501 2610 610 2664 forsitan
626 2612 753 2664 emanavit
767 2611 868 2680 pariter
882 2615 912 2661 ut
927 2625 1054 2662 murorum
1071 2607 1218 2678 praefectus
1229 2607 1379 2661 instituere·

272 2683 330 2729 turs
348 2681 411 2731 tunc
424 2677 490 2731 euim
509 2679 616 2748 primum
637 2679 762 2747 occurrit,
780 2681 806 2732 in
824 2679 899 2732 Theo
917 2679 999 2738 hane,
1015 2677 1124 2730 Nicetes
1139 2677 1241 2747 quidam
1260 2679 1379 2732 Anthrax

272 2739 370 2814 ἀρχων
384 2747 436 2800 τού
450 2746 572 2816 τείχους,
590 2745 650 2817 qui,
667 2753 698 2800 ut
710 2765 743 2802 ex
758 2747 832 2804 dictis
844 2749 877 2802 de
905 2746 1024 2802 umectico
1041 2748 1130 2820 putet,
1151 2747 1309 2802 domesticus
1323 2761 1379 2800 uu-

272 2829 361 2868 rorum
379 2833 430 2878 non
444 2815 532 2886 inepte
548 2821 635 2886 potest
651 2817 740 2871 scribi.

341 2901 378 2952 ib.
396 2917 423 2954 v.
445 2901 486 2955 19,
515 2897 769 2971 ὃπροκαθήμενσς
786 2901 838 2956 τού
854 2902 997 2972 κοιτῶνος]
1025 2899 1177 2972 praecipuus
1205 2901 1377 2956 cubiculario·

271 2983 330 3021 sum
349 2985 381 3020 ac
398 2969 465 3021 sacri
480 2970 591 3024 cubiculi
608 2973 769 3040 praefectus,
798 2972 870 3024 cuius
887 2989 972 3024 curam
991 2976 1018 3024 et
1033 2971 1173 3023 custodiam
1194 2974 1376 3039 scupus'ospor-

246 3085 251 3098 ,
270 3034 347 3159 μένῳ
358 3039 504 3107 suppositus
516 3041 688 3095 demandatam
706 3042 791 3094 behet.
815 3041 863 3093 'ita
879 3047 970 3093 auctor
985 3040 1042 3111 ipse
1056 3040 1126 3094 iufra
1143 3059 1166 3092 c.
1185 3039 1213 3094 5.
1229 3040 1325 3094 lectum
1337 3047 1376 3094 et-

284 3123 324 3158 am
338 3123 425 3160 somno
445 3108 569 3177 capiendo
585 3125 617 3162 ac
632 3109 780 3181 imperatori
793 3117 870 3163 noctu
885 3109 1051 3163 custodiendo
1070 3109 1097 3161 in
1111 3125 1185 3162 sacro
1195 3110 1315 3163 cubiculo
1327 3111 1375 3162 ba-

271 3175 360 3260 bpisse
376 3182 477 3229 constat
493 3195 526 3230 ex
542 3179 629 3232 Leone
640 3180 813 3232 Grammatico
825 3180 851 3232 iu
866 3179 991 3231 Michaele
1002 3178 1140 3250 Theophili
1155 3178 1224 3230 filio:
1240 3175 1376 3266 ’ζγνάτιος

270 3243 306 3296 ds
323 3243 484 3314 κοιτωνίτης
499 3241 632 3301 ἀπελθών
649 3250 700 3302 τού
716 3253 821 3302 κλεῖσαι
865 3242 892 3300 *s
907 3245 1002 3314 θύραν
1018 3248 1070 3300 τού
1086 3249 1219 3308 κοιτῶνος
1234 3265 1299 3312 soce
1318 3249 1375 3301 rise-

175 3349 179 3359 ·
269 3310 460 3383 στραμμένην,
474 3313 521 3367 καλ
538 3311 680 3386 ἀπογνούς
698 3311 844 3387 λκαθὲσθη
876 3314 906 3370 κτλ
923 3319 974 3386 τῆς
997 3315 1104 3385 κλίνης,
1128 3316 1228 3370 τίλλων
1244 3315 1296 3378 τάς
1318 3315 1374 3384 τρί-

269 3399 323 3452 χας
342 3377 438 3438 αύτού.
472 3385 523 3437 τού
542 3381 574 3438 δὲ
611 3381 724 3448 ασιλὲως
739 3383 831 3441 ύπνον
847 3381 965 3458 θανάτῳ
982 3381 1179 3454 παραπλήσιον
1197 3382 1375 3454 κοιμωμένου

269 3446 388 3519 ἀθρόως
406 3445 500 3506 issar
517 3456 575 3507 Βασ
603 3451 741 3525 ειοςμετά
758 3453 816 3510 ’καλ
842 3449 943 3520 ἑτέρων
965 3450 1017 3516 τάς
1041 3451 1133 3521 θύρας
1156 3449 1291 3524 ἀνέῳξεν.
1325 3451 1374 3508 καὶ

268 3517 394 3592 ἔμφοβος
411 3516 532 3587 ἒξελθάν
543 3519 677 3592 Ἰγνάτιος
695 3520 863 3579 ἀντέπιπτεν
883 3523 1014 3593 Βασιλείφ
1030 3519 1067 3592 μὴ
1080 3520 1228 3576 εἰσελθεῖν.
1263 3526 1373 3578 curabat

266 3590 310 3642 hio
326 3591 486 3662 imperatoris
505 3593 618 3646 defuncti
635 3610 736 3664 corpus.
770 3593 836 3646 idem
854 3594 908 3646 Leo
926 3594 1002 3664 paulo
1014 3592 1095 3645 infrae
1116 3587 1257 3646 ἀπέστειλε
1270 3590 1303 3646 δὲ
1316 3596 1372 3645 Βα-

266 3660 366 3722 σίλειος
379 3658 427 3713 καί
444 3661 559 3714 Παῦλον
578 3663 741 3731 κοιτωνίτην
760 3663 812 3716 τού
829 3655 998 3730 ἐνταφιάσαι
1018 3657 1069 3714 τὸν
1091 3659 1216 3730 Μιραήλ.
1252 3661 1370 3716 Callicri-

265 3729 346 3784 nitem
365 3730 585 3799 προκαθήμενον
603 3733 656 3786 τού
671 3733 804 3795 κοιτῶνος
821 3737 945 3786 memorat
965 3731 1159 3784 Cautecuzenus
1178 3735 1192 3786 l
1212 3732 1255 3787 19.

256 3848 259 3856 ·
335 3817 372 3869 ib.
389 3834 416 3869 v.
432 3818 476 3869 20.
494 3810 509 3869 (i
524 3813 741 3904 προκαθήμενος
760 3817 813 3871 τού
831 3815 998 3888 βεστιαρλοο]
1021 3817 1053 3870 de
1071 3816 1194 3871 vestiario
1206 3817 1368 3887 Hesychius:

267 3881 425 3956 βεστιάριον
438 3881 526 3946 τύπος
541 3879 572 3938 ἐν
589 3875 612 3956 ᾧ
629 3904 665 3939 τα
682 3882 811 3956 χρήματα
828 3886 957 3940 τίθενται
975 3883 1024 3939 καί
1037 3881 1073 3939 τά
1087 3882 1184 3950 λμάτια
1197 3887 1249 3940 τού
1259 3887 1367 3941 κοινοῦ.

264 3965 294 4006 ut
313 3961 401 4010 vestes
419 3960 551 4018 asservat,
568 3961 677 4007 vocatur
692 3955 752 4008 alibi
769 3957 802 4010 ab
822 3961 928 4010 auctore
944 3950 977 4008 τύ
993 3949 1072 4016 ἐντὸς
1088 3951 1303 4024 ἀλλαξιμάριον,
1322 3973 1368 4024 pc·

263 4025 367 4078 νιτλσοίε
383 4025 494 4078 cestibus
511 4024 647 4078 mutandis
664 4023 826 4094 dispositum,
847 4024 921 4108 quusi
937 4025 1008 4078 dicas
1028 4026 1211 4080 mutatorium:
1228 4033 1257 4078 ut
1273 4025 1367 4079 aerarii

263 4109 368 4146 munere
386 4092 546 4162 defungitur,
569 4109 586 4145 a
603 4093 697 4146 Niceta
714 4095 732 4146 l.
749 4095 767 4148 3
782 4093 864 4146 Alexis
883 4094 1007 4146 Comueni
1021 4089 1054 4147 τά
1070 4089 1122 4146 ἔσω
1138 4097 1264 4161 ταμιεῖον
1281 4097 1364 4148 inter-

263 4180 326 4214 ποτε
344 4163 484 4215 saurim.
519 4161 620 4216 Latinis
637 4162 704 4215 idem
722 4166 839 4232 praestat
857 4163 1004 4216 vestiarium
1031 4179 1063 4216 ex
1079 4161 1279 4218 bibliothecariis
1297 4162 1365 4215 Gui-

264 4232 348 4284 lielmo
370 4239 397 4282 et
413 4231 564 4296 Anastasio,
586 4231 630 4285 illo
653 4230 754 4301 quidem
773 4233 799 4286 iu
817 4233 948 4301 Stephana
970 4234 987 4286 6
1008 4233 1153 4288 scribentes
1183 4234 1247 4301 quid
1271 4236 1364 4286 miron

263 4303 288 4354 ei
311 4301 493 4356 oestiuriorum
517 4317 604 4372 grecus
624 4301 743 4372 reperit?
777 4302 827 4356 hoc
849 4307 934 4356 autem
958 4301 986 4356 iu
1009 4301 1149 4356 Severiuoe
1179 4303 1365 4374 sigillaverunt
