2958 4918
451 295 500 365 IN
522 295 672 365 CODINI
691 297 776 364 CAP.
807 296 835 373 I-
910 323 916 329 ·
1133 301 1204 372 131

111 464 204 520 auctor
223 455 464 540 Turcograeeiae,
481 460 535 521 sed
556 459 637 522 male.
679 482 746 524 nam
765 460 987 540 confugientium
1008 463 1046 524 ad
1062 464 1206 526 ecclesiam

111 565 173 604 cura
190 547 350 624 pertinebat
378 541 456 627 πρδς
474 542 530 610 cdv
556 552 614 613 rori
636 551 809 625 consilicis,
836 555 977 629 utsupra
1002 550 1108 610 dictum
1133 572 1156 611 a
1175 555 1205 614 3.

110 631 217 710 itaque,
257 631 282 690 si
316 627 442 690 definitio
478 631 548 692 haec
587 631 735 712 probanda
774 635 829 712 sit,
868 633 948 693 aliter
983 635 1114 712 explicari
1154 637 1205 694 de·

111 713 199 794 bebit,
227 720 262 774 ut
287 734 339 795 per
357 711 537 799 πρόσφνγοις
564 718 752 796 intelligamus
771 719 834 778 illos
856 718 958 795 quiex
981 721 1144 798 captivitate
1166 723 1206 780 ad

111 799 280 859 Christianos
304 819 356 878 spe
380 800 519 864 libertatis
544 804 728 881 confugiunt,
761 823 821 863 non
843 809 937 862 autem
956 803 1018 862 illos
1040 806 1090 880 qui
1106 799 1206 864 confu-

110 885 188 962 giunt
203 885 242 944 ad
262 886 405 946 ecclesiam
425 887 562 963 tanquam
580 890 618 948 ad
637 889 747 966 asylum
764 889 939 968 impunitatis
959 890 1058 965 gratia.
1103 891 1205 952 dicitur

109 968 304 1048 προικέκδιιιος
320 977 449 1049 respectu
465 973 583 1033 aliorum
600 971 728 1036 ἐνδίκων
747 993 798 1032 seu
812 975 1003 1032 defensorum:
1022 974 1115 1053 plures
1131 975 1206 1034 enim
1287 1007 1290 1014 ·

109 1060 200 1128 eraut3
231 1055 406 1133 adquorum
428 1077 530 1116 munus
551 1058 711 1136 pertinebat
728 1077 843 1135 quoque
861 1078 1015 1137 pauperum
1032 1064 1062 1117 et
1081 1056 1205 1118 infirmo·

110 1159 168 1197 rum
188 1158 270 1218 cura,
302 1147 349 1199 ne¹
363 1142 586 1221 opprimerentur
609 1162 629 1202 a
647 1144 869 1223 potentioribus,
901 1150 935 1204 ut
955 1145 1038 1202 docet
1054 1143 1206 1205 Balsamon

110 1223 139 1282 in
161 1243 212 1282 sua
234 1226 271 1284 de
294 1225 511 1304 chartophylace
524 1234 555 1287 et
576 1229 737 1307 protecdico
755 1229 966 1308 disceptatione.
1008 1234 1038 1287 et
1056 1229 1121 1288 olim
1142 1230 1206 1304 qui-

111 1309 172 1368 dem
189 1309 251 1388 laici
266 1310 325 1371 ,hoc
347 1309 439 1372 officio
459 1314 669 1393 fungebantur,
699 1319 800 1393 postea
826 1321 922 1373 tamen
947 1312 1051 1372 clericis
1077 1315 1207 1372 commis-

111 1412 170 1452 sum
209 1401 261 1455 est
304 1399 494 1476 protecdicum
531 1399 642 1458 rettudit
682 1399 757 1458 inter
798 1399 1007 1458 exocatacoelos
1046 1399 1205 1478 Xiphilinus

110 1479 281 1558 patriarcha,
322 1487 356 1540 ut
393 1502 416 1542 c.
457 1487 479 1547 2
518 1483 652 1544 diximusr
696 1490 781 1543 antea
824 1485 899 1542 enim
940 1483 1054 1545 minoris
1097 1485 1207 1552 subsel-

110 1563 336 1644 liimagistratus
366 1574 448 1650 erat,
478 1566 625 1632 ἒκδικεῖον
656 1571 734 1649 apud
761 1567 958 1630 Balsamonem
982 1569 1061 1628 locus
1086 1575 1131 1630 est
1157 1569 1207 1628 ubi

112 1649 142 1710 oi
156 1649 282 1730 inclinor,
304 1671 378 1727 quae
399 1653 522 1713 muneris
542 1655 587 1713 sui
612 1659 696 1734 sunt,
728 1661 875 1714 asservant
901 1655 1062 1715 consultant
1088 1662 1118 1715 et
1140 1673 1207 1734 per·

110 1741 202 1813 egunt.
244 1735 397 1817 ἐκδίκησις
415 1744 460 1798 est
480 1739 544 1818 ipsa
559 1740 685 1799 defensio
702 1759 753 1799 seu
774 1743 837 1802 sois
850 1737 978 1803 ἔκδικον
997 1741 1079 1798 actio
1139 1776 1142 1782 -

106 1883 108 1888 ,
190 1836 409 1897 Observandum
434 1845 479 1898 est
498 1839 583 1898 etiam
599 1837 779 1898 in-Romana
797 1839 913 1900 ecclesia
941 1840 1028 1900 fuisse
1050 1839 1208 1917 antiquitus

111 1919 275 2001 minumae,
298 1941 443 2001 unumque
464 1943 498 1984 ex
528 1925 638 1985 illorum
663 1944 778 1984 numero
811 1927 1005 2006 praecipuum,
1032 1928 1081 2003 qui
1103 1930 1209 2005 primus

112 2006 233 2086 διίοιιοιΙ
269 2009 387 2068 audiret
438 2029 558 2087 quornm
592 2007 712 2070 officium
741 2011 863 2070 breviter
901 2012 1066 2070 describitur
1105 2010 1210 2090 (verba

113 2092 250 2172 Onuphrii
275 2091 381 2174 refero)
411 2111 430 2152 a
464 2095 580 2172 Pelagio
611 2097 642 2154 in
677 2097 819 2174 Rescripto
845 2096 884 2156 ad
910 2095 1084 2157 Antoninam
1116 2095 1210 2154 Patri-

112 2178 193 2255 eiam,
218 2197 295 2256 quae
308 2178 473 2257 postulabat
490 2180 657 2240 monachum
673 2177 733 2240 fieri
754 2180 930 2261 descrimen,
957 2182 988 2240 in
1004 2202 1061 2260 quo
1083 2181 1210 2240 ostendit

113 2260 229 2325 officium
257 2265 386 2326 monachi
414 2271 445 2324 et
471 2265 614 2344 deserueris
644 2266 792 2324 convenire
822 2283 881 2325 non
902 2286 988 2345 posse
1027 2266 1100 2327 “iltis
1129 2269 1208 2339 enirn,

111 2347 198 2424 inquit
243 2352 318 2428 quies
359 2354 459 2426 oratio,
489 2352 566 2410 labor
593 2370 718 2410 manuam
738 2348 929 2431 (competit):
961 2356 1045 2412 otiis
1066 2369 1209 2410 causamn
1281 2377 1282 2384 ι

88 2496 90 2501 g
113 2437 240 2512 cognitio,
264 2440 458 2506 conventiones,
486 2442 579 2507 actus,
602 2436 712 2514 publica
732 2436 825 2512 litigia
832 2479 842 2511 ,
870 2442 897 2496 ct
916 2455 1084 2515 quaecunque
1103 2434 1144 2492 acl
1164 2454 1210 2493 ec-

112 2519 260 2580 clesiastica
280 2523 409 2581 instituta
427 2521 468 2580 ael
490 2519 697 2599 supplicantium
721 2525 863 2581 necessitas
884 2513 996 2598 poscit'’.
1038 2540 1074 2579 ex
1094 2520 1210 2578 decreto

112 2602 217 2664 Urbani
248 2610 330 2684 patet
352 2607 540 2684 procuratoris
560 2605 673 2664 nomine
694 2605 812 2682 intelligi
836 2605 987 2682 quemlibet
1011 2603 1210 2664 ecclesiastice-

112 2707 171 2748 rum
189 2710 285 2750 rerum
308 2691 578 2770 administratorem,
597 2696 630 2749 ut
647 2692 725 2750 verbi
742 2691 835 2768 gratia
855 2691 1063 2770 praepositum,
1088 2709 1209 2748 oecono-
1224 2688 1246 2742 P
1263 2687 1314 2744 162

113 2793 202 2854 mum,
226 2776 447 2854 vicedominum,
481 2776 636 2836 defensoris
657 2777 769 2836 nomine
791 2777 958 2836 advocatum
974 2777 1033 2835 sive
1052 2776 1209 2836 castaldum
1338 2847 1342 2858 ι

113 2865 141 2918 et
155 2861 274 2920 iudicem
289 2867 342 2919 etc.
364 2879 483 2938 quorum
495 2863 610 2937 quidam
629 2863 790 2920 defensores
815 2861 875 2920 sine
900 2863 1074 2942 adiectione,
1094 2862 1209 2936 quidam
1288 2883 1291 2890 ¹

114 2947 273 3005 defensores
286 2947 434 3023 regionarii
455 2948 521 3006 dicti
537 2953 622 3025 suut,
637 2950 714 3023 quod
731 2947 836 3014 scilicet
859 2947 890 3005 in
907 2947 1024 3025 singulis
1048 2947 1209 3024 regionibus

114 3031 254 3090 distributi
266 3036 368 3090 essent.
390 3049 509 3108 quorum
528 3033 634 3110 primus
650 3033 694 3091 vel
707 3034 837 3109 princeps
846 3033 1016 3108 primicerius
1030 3034 1209 3092 defensorum

114 3115 271 3196 dicebatur,
292 3137 411 3194 magnae
431 3119 461 3177 in
485 3119 601 3176 ecclesia
626 3115 756 3178 Romana
780 3118 999 3177 existimationis.
1035 3119 1105 3184 haec
1127 3118 1209 3175 Onu-

114 3202 207 3278 plurius
235 3203 265 3261 in
289 3203 416 3280 explicat
441 3222 541 3262 vocum
565 3202 750 3262 Ecclesiastic.
793 3205 876 3261 docet
890 3203 1027 3262 Baronius
1046 3206 1211 3280 regionarios

113 3287 257 3366 defensores
276 3287 422 3347 institutos
441 3290 561 3348 fuissea
581 3290 611 3347 S.
629 3288 768 3366 Gregorio
788 3307 863 3346 anno
878 3288 982 3346 domini
993 3290 1071 3366 598,
1091 3293 1125 3346 ut
1137 3287 1211 3346 sicut

114 3378 192 3430 erant
208 3377 318 3451 septem
334 3376 482 3451 regionarii
495 3378 596 3434 notarii
609 3379 639 3432 et
657 3375 777 3434 totidem
794 3376 944 3448 regionarii
962 3374 1083 3449 diaconi,
1104 3373 1146 3431 ita
1165 3377 1210 3430 et·
1271 3371 1276 3380 '

112 3455 165 3517 iam
185 3464 281 3518 essent
302 3465 411 3536 septem
430 3459 577 3538 mfensores
595 3461 758 3535 regionarii,
777 3458 891 3517 coeteris
909 3459 1046 3536 dignitate
1064 3463 1211 3536 praestan·
1293 3475 1295 3484 ’

111 3543 210 3616 tiores3
239 3543 276 3601 de
303 3545 405 3620 quibus
433 3545 482 3622 qui
511 3544 594 3625 plura
620 3544 715 3624 cupit,
747 3543 948 3622 isBaronium
976 3543 1105 3604 consulat
1120 3555 1210 3601 'anno
1319 3538 1323 3568 ‘

181 3741 238 3812 p.4
253 3758 280 3799 v.
294 3745 337 3798 11.
362 3739 483 3813 συνόδῳ]
507 3759 558 3796 non
576 3742 684 3796 omnium
700 3741 792 3796 velex
811 3741 907 3796 mactis
924 3739 1059 3812 provinciis
1074 3737 1211 3806 episcopo·
1300 3799 1302 3806 Α

113 3825 167 3864 rum
178 3813 336 3880 quorundam
347 3813 420 3866 simul
431 3817 575 3866 cornorum
587 3813 676 3865 concio
685 3806 803 3875 σύνοδος
813 3819 866 3864 est:
885 3810 1000 3864 conflant
1016 3824 1072 3860 enm
1089 3823 1121 3858 ex
1141 3822 1212 3858 more

114 3881 283 3948 pontificesin
299 3883 387 3935 urbem
404 3882 529 3936 sdvenae.
563 3882 641 3934 absa
651 3889 737 3934 temen
748 3880 821 3950 primi
833 3897 880 3934 sex
899 3877 1001 3931 meconi
1017 3880 1146 3943 nequeunt
1162 3873 1211 3926 ab·

114 3965 182 4003 esses
200 3939 278 4003 odron
289 3947 431 4019 κάθηνται
443 3945 474 4004 ἐν
486 3952 522 4020 τῇ
532 3950 600 4022 θείᾳ
613 3947 661 4002 καὶ
680 3945 744 4021 isopi
761 3945 882 4020 συνόδῳ.
916 3946 1038 4000 similibus
1051 3943 1078 3996 in
1094 3942 1210 4010 synodis,

114 4033 281 4088 quaecunque
291 4020 334 4075 lib.
345 4021 363 4074 3
375 4017 428 4074 ete
441 4019 509 4072 luris
521 4020 574 4072 GR
584 4019 664 4088 legis,
678 4029 737 4072 sunt
747 4017 861 4072 definita.

198 4107 279 4168 Haec
302 4107 455 4188 deprime
481 4108 605 4187 pentade
628 4103 782 4168 officiorum
809 4111 840 4164 et
866 4099 1023 4164 officialium
1047 4097 1212 4158 ecclesiasti-

114 4209 218 4253 corum.
801 4213 807 4220 ·

554 4349 760 4364 W
