3034 4916
465 329 511 406 ,ΙΝ
533 331 680 401 CODlNl
701 329 784 402 GAP.
807 332 884 404 Xll.
1147 339 1221 410 325

126 489 242 568 quintae
255 489 437 554 hebdomadis
451 493 696 573 quadragesimalis
717 513 807 574 usqae
827 498 866 556 ad
886 496 1037 560 secundam
1055 499 1151 560 senem
1171 521 1221 579 pa-

124 577 246 656 schatis,
267 596 325 654 qao
343 579 390 638 die
409 579 582 638 referebatur
597 577 674 661 πρός
692 574 747 643 so'o
765 583 820 661 τῆς
839 576 1078 648 erectaerecta
1093 581 1224 648 νοννῶν

124 661 243 744 ὁδηγῶν
270 661 452 742 κεκλημένον
460 705 470 740 ,
497 669 531 724 ut
553 665 678 742 loquitur
701 665 828 728 Zonaras
850 668 880 728 in
906 668 1021 746 imperio
1044 669 1186 732 Michaelis
1207 671 1224 734 Ι

125 745 297 827 Theophila
320 749 366 808 cui
388 750 520 812 adiuncta
544 757 605 811 erat
632 746 712 832 μονή
730 771 781 812 seu
801 754 999 816 monasterium
1013 757 1073 816 coia
1089 753 1221 859 tapeto,

125 839 158 892 ut
176 851 211 892 ex
233 831 393 911 Nicephoro
418 834 583 912 Gregoral.
605 842 768 902 2coastat:
787 837 852 898 birrc
865 838 928 919 ipsa
941 840 1034 916 lunago
1047 836 1221 919 ὁδηνητριο,

124 916 276 994 quasidac
287 922 366 993 eice,
388 920 590 999 appellabatur.
632 941 686 982 nec
706 923 899 982 adducebatur
918 943 952 984 ex
971 923 1076 1002 templo
1089 924 1221 984 Blacher-

123 1005 194 1080 niop
206 1007 240 1061 ut
253 1009 337 1081 putat
351 1004 529 1083 scholiastes,
549 1006 601 1064 aad
621 1025 656 1068 ex
671 1007 777 1086 templo
794 1013 824 1068 et
839 1027 873 1068 ex
886 1010 1057 1069 monasterio
1070 1013 1132 1071 sois
1146 1008 1221 1091 tap-

122 1092 205 1169 γοῦν,
226 1090 305 1162 quod
322 1107 339 1146 a
353 1089 458 1168 templo
471 1091 638 1152 Blachernlo
649 1092 812 1152 distinctum
826 1099 896 1152 erat

208 1173 267 1232 Sed
281 1173 383 1251 probat
395 1176 424 1232 id
441 1195 476 1235 er
492 1177 626 1254 gradibus
645 1177 775 1256 excelsis,
791 1179 828 1238 de
843 1177 945 1255 quibus
957 1175 1131 1255 Curopalata
1142 1196 1166 1236 c.
1181 1179 1220 1240 12

123 1263 154 1316 at
168 1275 191 1316 a
208 1258 270 1334 15,
290 1265 371 1336 quoa
381 1260 428 1319 illi
435 1259 539 1338 fitatnt
552 1265 583 1322 in
596 1263 689 1340 templo
700 1263 867 1324 Blocbemr'o.
908 1268 940 1321 at
952 1281 1051 1340 parum
1063 1262 1138 1322 valet
1150 1261 1221 1322 haec

123 1343 270 1421 probatio:
292 1362 360 1405 nam
371 1363 538 1422 quocunque
550 1347 605 1406 iret
618 1348 786 1427 imperator,
805 1365 915 1426 semper
927 1349 965 1406 ad
977 1345 1101 1406 excelsos
1113 1347 1220 1424 gradus

122 1445 214 1502 usque
236 1429 427 1488 deducebatur
447 1450 465 1490 a
484 1431 638 1510 Buangm
660 1438 695 1492 ut
712 1434 805 1509 inquit
826 1433 999 1512 Cmopalata
1018 1452 1043 1491 c.
1066 1433 1113 1496 15.
1135 1439 1259 1510 opor-1²
1276 1438 1329 1496 242

123 1519 174 1572 tet.
188 1532 260 1590 ergo-
272 1512 326 1572 bos
349 1515 472 1576 exeram
491 1519 596 1594 gradus
618 1517 683 1576 alibi
695 1518 782 1578 fuisse
795 1537 879 1594 quam
893 1519 923 1576 iu
935 1517 1104 1578 Blachernio
1113 1516 1221 1594 templo

121 1597 167 1655 vel
188 1598 218 1664 ia
238 1598 284 1656 vis
303 1599 341 1659 ad
361 1600 455 1660 solum
464 1602 658 1662 Blachernium
671 1604 824 1683 templum,
844 1603 910 1681 quia
922 1603 1074 1682 imperator
1089 1620 1148 1662 aon
1161 1601 1222 1662 ibat

122 1701 234 1760 semper
256 1683 294 1740 ad
314 1685 453 1764 templum
469 1686 680 1762 Blachernium‚
707 1693 738 1746 et
756 1688 930 1766 Caropalata
952 1687 1056 1746 dismte
1071 1686 1221 1763 distinguit

120 1767 176 1828 hos
190 1768 296 1843 podas
310 1785 329 1826 a
347 1769 453 1848 templo
467 1770 651 1845 Blachernio,
674 1789 737 1828 carn
750 1771 824 1830 dicat
836 1772 1032 1850 imperatorem
1046 1772 1219 1846 equitantem

121 1870 235 1928 semper
254 1851 358 1909 deduci
376 1871 467 1928 usque
486 1855 524 1913 ad
542 1853 664 1913 excelsos
685 1855 808 1932 gradus,
833 1856 864 1914 in
886 1857 961 1914 festo
982 1860 1076 1914 autem
1088 1873 1220 1914 occursus

122 1936 206 2015 (seu,
228 1939 261 1992 ut
273 1955 326 1994 nos
339 1955 486 2015 vocamus,
508 1939 706 2018 purificationis
721 1939 748 1998 d.
759 1938 888 2020 virginis)
901 1941 985 1998 etiam
997 1957 1088 2014 usque
1101 1940 1137 1999 ad
1147 1927 1220 1997 tem-

123 2021 203 2100 plum
215 2019 445 2082 Blachernarum:
466 2042 531 2083 nam
541 2025 579 2085 ad
589 2023 643 2084 hoc
658 2022 793 2104 templum
805 2025 860 2085 hoc
873 2026 919 2086 die
937 2025 979 2084 rei
997 2025 1106 2084 divinae
1126 2022 1220 2103 gratia

121 2104 284 2164 conserebat
297 2124 328 2165 ee
340 2109 499 2187 imperator.

191 2203 288 2270 Magna
311 2204 473 2257 contentione
496 2204 615 2260 dimicant
639 2205 725 2260 lunius
748 2208 776 2260 et
798 2205 940 2260 Gretserus
962 2201 1028 2274 caol
1050 2205 1107 2259 cais
1127 2201 1219 2284 ‘lipp-

122 2271 194 2338 tric,
218 2273 251 2324 dc
275 2275 403 2341 gradibm
427 2273 530 2326 eccelsia
555 2275 614 2341 GP,
635 2274 736 2329 ubinam
758 2273 915 2343 reponendil
946 2274 991 2327 ille
1013 2274 1039 2326 in
1064 2273 1218 2327 Blachernro

122 2341 233 2410 templo,
258 2340 297 2392 hic
320 2341 347 2394 in
369 2340 465 2410 palatio
489 2342 553 2396 sitos
575 2342 710 2396 contendit.
731 2342 797 2396 ‘mter
818 2342 1001 2398 contendentes
1022 2342 1118 2395 arbiter
1135 2340 1218 2393 nentri

121 2410 192 2465 litem
212 2409 337 2477 integram
360 2409 493 2474 adiudico,
515 2427 532 2463 a
554 2427 617 2464 nero
640 2411 762 2480 siquidem
784 2409 840 2464 cciv
860 2405 991 2479 ‘Papiria
1012 2425 1089 2463 sensa
1113 2410 1218 2463 aberrat

123 2486 240 2547 aterque.
257 2479 346 2546 ecquis
361 2479 426 2532 enim
443 2479 470 2530 in
486 2479 535 2531 hac
550 2496 614 2532 voce
637 2479 732 2549 gradus
753 2478 930 2547 intelligendos
946 2484 1034 2549 putet,
1054 2496 1085 2531 ac
1102 2494 1152 2529 non
1169 2494 1219 2547 po·

121 2549 175 2600 tius
197 2546 323 2600 excelsum
348 2563 380 2600 ac
400 2547 506 2616 lastigie
528 2548 634 2601 sublime
655 2546 817 2601 aedifiacnt
843 2553 871 2600 at
893 2564 925 2600 ne
946 2548 1018 2600 velut
1041 2545 1168 2599 caecitam
1190 2548 1218 2597 et

121 2617 228 2684 ignarus
244 2615 321 2668 luder
337 2616 405 2670 litem
422 2615 555 2682 dirimam,
580 2623 626 2670 ant
642 2616 728 2687 potius
744 2616 925 2669 andabatarum
943 2632 1012 2668 more
1035 2631 1090 2668 cunr
1108 2620 1219 2681 utroque

123 2701 250 2772 papatui,
268 2683 344 2738 dubio
365 2691 451 2738 cartus
475 2690 565 2739 auctor
586 2687 667 2740 lucem
690 2685 782 2738 alferat
804 2685 912 2738 Nicetes
934 2682 1025 2736 lcaacii
1039 2683 1132 2752 Angeli
1148 2683 1167 2736 1.
1184 2683 1218 2740 21

122 2757 244 2808 dranceos
254 2748 294 2836 pti
308 2754 479 2819 παράθνρον
496 2753 720 2837 (aliud'exenrplar
735 2752 799 2840 legit
813 2748 866 2822 τὴν
882 2751 1003 2837 doptdp)
1022 2745 1052 2804 ἔν
1068 2751 1219 2837 ποῇ’βασιῖ

122 2821 206 2882 λείοις
227 2839 282 2875 των
300 2824 476 2891 Βλαχεονῶν,
499 2819 538 2886 εἰς
559 2841 594 2876 τοι
617 2819 748 2957 λεγόὲενοι
773 2818 873 2891 Τψηλοί
913 2817 948 2875 δι’
966 2840 1001 2890 ης
1017 2819 1106 2890 ὄροιτο
1121 2836 1211 2888 ηντα

122 2889 267 2959 [nuptm
278 2891 361 2944 crata
371 2888 406 2944 rol
419 2889 525 2956 ἔξωθεν
535 2892 591 2946 sois
608 2885 678 2965 insit
694 2908 747 2944 οων
758 2885 788 2945 ἒν
798 2895 858 2952 τοῖς
872 2860 1048 2952 dcloscrtocc
1057 2882 1218 2942 aabrmsooi·

121 2961 217 3025 ζοντα.
236 2960 346 3014 observa
363 2955 399 3012 τοὶ
411 2956 528 3029 ‘Tppiol
547 2963 624 3016 altum
643 2959 785 3014 blachernli
800 2959 890 3030 palatii
905 2959 1059 3025 aedilicium,
1075 2957 1143 3012 uude
1155 2957 1220 3010 sub·

122 3033 191 3083 iectu
208 3028 405 3098 Philopatieasis
428 3030 546 3100 planities
568 3031 718 3098 detegatur,
741 3045 793 3082 non
812 3028 907 3098 gradus
924 3025 1087 3098 quantumvis
1102 3025 1218 3080 escebea

122 3097 252 3162 indicare,
269 3099 355 3151 necin
375 3099 460 3153 maiori
476 3099 591 3169 palatio,
608 3115 659 3168 quo
672 3099 766 3151 soleret
781 3099 920 3168 imperator
933 3097 1041 3162 morari,
1056 3095 1121 3149 alios
1131 3093 1217 3148 excal-

121 3170 204 3222 siores
227 3168 321 3236 gradus
345 3168 579 3240 comminiscendoer
603 3184 659 3221 eam
683 3168 717 3220 ob
737 3184 805 3230 rem,
830 3184 886 3220 cum
902 3167 929 3218 in
946 3163 1093 3220 exhibendis
1109 3162 1218 3216 redden-

123 3238 216 3303 dieque
234 3236 336 3290 honoris
353 3237 445 3290 officiis
462 3237 562 3305 longius
577 3253 679 3307 semper
699 3235 726 3289 in
744 3237 849 3290 decessu
865 3235 1006 3288 deducatur
1020 3233 1063 3286 vir
1078 3233 1220 3285 honoratas

143 3321 199 3358 uana
216 3305 242 3356 in
259 3321 362 3358 accessu
378 3305 459 3360 eid'em
476 3313 639 3374 occurratur,
656 3323 704 3388 par
717 3312 757 3359 est
774 3312 805 3358 ut
819 3305 840 3357 sl
857 3304 906 3372 τῆς
927 3298 1094 3370 ὁδηγνῃρίας
1114 3299 1218 3370 irnagini

121 3325 1076 3496 {bittit„ztlttttttlltttlttfflttt‘ltttbt'alt
1090 3369 1219 3500 liiii?

121 3508 226 3581 νόμενον
245 3505 355 3578 ‘Tantol
386 3479 416 3563 ἐν
440 3514 507 3572 τοῖςΙ
529 3461 678 3580 ducatrice}
698 3459 760 3564 raiger
777 3509 953 3592 Βλοιχερνοῖν1
968 3479 1004 3564 ’et
1028 3508 1095 3578 quod
1119 3507 1156 3560 ait
1177 3503 1220 3557 laic

122 3584 232 3642 auctor,
249 3572 384 3647 μέχριναὶ
400 3579 455 3633 τῶν
467 3574 611 3646 ‘ripaltam
629 3579 705 3648 longo
722 3579 781 3632 viae
795 3584 894 3642 tractu,
912 3595 983 3631 curus
994 3575 1164 3631 accessionem
1179 3573 1217 3624 in·

122 3649 194 3702 dicat
209 3647 337 3719 particula
353 3647 417 3715 καί,
434 3647 466 3701 ad
483 3648 565 3701 locum
583 3665 673 3718 nempe
687 3642 798 3715 Ὗψηλοὶ
815 3654 948 3706 vocatura.
965 3663 1040 3716 quem
1056 3649 1146 3698 auctor
1162 3642 1219 3724 ipss

123 3718 150 3772 in
163 3715 312 3770 Blachernio
324 3716 417 3782 palatio
429 3716 469 3768 vel
480 3715 513 3770 ad
524 3716 587 3770 illud
598 3716 671 3769 iuxta
681 3715 782 3786 reponit
793 3731 815 3767 c.
830 3716 872 3783 15,
889 3734 915 3786 p.
927 3719 962 3772 80
971 3733 998 3768 v.
1012 3717 1053 3782 19,
1063 3711 1107 3766 ubi
1119 3712 1156 3766 ait
1170 3726 1220 3762 rm-

124 3792 269 3856 peratorem
281 3783 314 3836 ad
324 3783 518 3838 Blachernarum
528 3785 661 3856 templum,
674 3786 715 3836 cui
726 3784 836 3838 vicinum
851 3793 908 3839 erat
928 3783 1039 3839 eiusdem
1053 3779 1160 3836 nominis
1171 3796 1220 3850 pa-

122 3856 227 3919 latium,
244 3871 261 3907 a
275 3853 399 3922 Barangi'e
411 3851 501 3906 deduci
512 3851 590 3923 μέχρι
601 3855 657 3908 τῶν
668 3850 813 3922 ’Τψηλῶη
831 3861 901 3908 certe
916 3870 965 3906 non
982 3852 1016 3906 ad
1032 3849 1147 3904 excelsos
1157 3863 1220 3916 gra-

125 3925 173 3976 dns
196 3924 250 3977 eins
276 3940 291 3974 e
315 3939 365 3990 qno
391 3924 477 3975 tuerat
500 3940 619 3992 egressus
643 3921 744 3993 palatii,
766 3923 810 3978 scd
831 3923 865 3976 ad
880 3921 1032 4000 destinatum
1047 3917 1169 3984 alterius,
1186 3915 1221 3971 ad

125 3991 195 4064 quod
211 3991 345 4054 tendebat,
364 3993 454 4046 lacurn.

208 4064 292 4124 aude
312 4065 390 4139 qnod
412 4065 473 4144 ipsc
495 4065 647 4144 imperator
666 4064 814 4144 imaginem
829 4061 1019 4139 Hodegetriae
1034 4059 1158 4118 secunda
1170 4075 1221 4138 pa·

123 4150 229 4208 acbatis
252 4151 321 4210 feria
343 4152 381 4210 ad
402 4149 516 4229 propria
536 4155 720 4210 revertentem
741 4149 874 4228 prosequi
891 4146 1000 4205 solebat
1017 4146 1157 4221 usquead
1173 4163 1221 4202 ex-

126 4235 216 4292 celsos
232 4237 353 4314 gradus,
372 4237 428 4295 imo
446 4242 476 4294 et
489 4239 584 4311 extra,
606 4241 639 4294 ut
654 4237 722 4296 dicit
735 4233 908 4312 Curopalata
929 4251 952 4290 c
974 4233 1015 4294 12
1028 4251 1057 4311 p.
1074 4232 1117 4292 72
1132 4251 1159 4288 v.
1172 4231 1222 4292 10.

129 4339 181 4378 nec
194 4325 288 4380 tamen
302 4323 339 4382 ad
353 4321 485 4403 templum
501 4318 695 4382 Blachernium
710 4327 778 4381 tunc
788 4320 850 4379 ibat
861 4319 1021 4399 imperator.
1042 4318 1165 4378 sednon
1179 4316 1225 4372 est
