3034 4916
248 277 326 350 270
410 273 618 387 GREl'SllRI
630 272 685 341 ET
698 269 833 342 Gonnl
849 269 1181 340 connfflNTnnffls

249 435 360 508 telligit,
375 435 419 492 tio
435 451 532 507 qnoque
547 433 752 502 interpretentur
767 429 857 486 dison
873 431 973 486 ortum
988 431 1034 488 rod
1047 431 1193 501 falluntur.
1228 430 1272 486 bic
1288 448 1347 487 rur-

250 525 310 564 sus:
328 508 418 560 lunius
431 506 526 574 ubique
541 503 679 557 inscienter
698 501 787 556 dirum
800 501 893 554 oolam.
927 505 955 554 at
970 501 1131 555 nec-sallitat
1147 519 1194 554 nac
1211 501 1347 556 inscienter

250 577 340 632 Iunius
356 575 479 644 loquitur,
499 572 555 638 cui,
572 589 603 624 eo
620 571 701 624 tutius
720 587 770 639 quo
787 568 926 632 eruditius,
946 571 1121 639 patrocinatur
1138 571 1305 641 Dempsterus
1322 573 1348 627 in

248 645 341 702 ultima
357 645 527 697 Romanarum
543 640 660 710 antiquit.
674 639 753 696 calos.
786 656 817 693 er
833 656 898 708 qno,
914 638 1013 709 inquit,
1029 641 1136 694 nomino
1154 642 1249 693 dueum
1265 643 1347 694 οωίι-

175 703 181 718 ’
251 715 480 783 impraesumpta,
497 717 560 781 poto
577 713 696 780 &ectum
710 715 739 762 ut
760 710 934 762 adorarentur
949 711 1036 778 rigon.
1069 709 1127 761 ideo
1151 711 1268 764 solutori
1289 728 1349 763 corr·

253 784 313 838 silio
331 783 515 837 Constantinus
532 795 632 832 erucem
649 781 719 832 inter
735 777 816 848 signo
832 778 981 845 rollooooit,
1001 785 1031 830 ut
1047 778 1158 831 odorari
1167 785 1262 847 posset.
1284 780 1349 832 Hie·

251 846 1350 986 ursimannusismnnntnsnns‘tsn

252 991 365 1044 rnlutot.
400 995 426 1043 et
444 990 462 1040 l.
480 988 513 1041 de
531 987 596 1040 bello
615 986 720 1040 Geticos
750 985 829 1038 turbo
850 985 975 1038 emutatis
993 985 1137 1054 effunditur
1158 987 1235 1039 obuia
1257 988 1350 1056 signis.

252 1059 377 1112 oerillunr
394 1057 466 1110 istud
484 1058 604 1110 indorum
619 1056 704 1109 ondit.
741 1055 909 1123 curopalates
935 1049 1073 1124 διβέλλιον
1089 1061 1176 1121 went,
1194 1055 1284 1108 dinam
1303 1073 1350 1108 oo·

253 1127 318 1181 lom.
353 1125 511 1179 Prudentius
533 1126 550 1178 l.
572 1124 602 1176 in
621 1125 815 1193 Sqmmorlrumr
840 1123 956 1175 cbristus
978 1141 1136 1193 purpureum
1155 1131 1288 1192 gemmato
1310 1131 1350 1177 te-

253 1203 315 1252 rion
332 1195 362 1248 in
381 1211 448 1248 euro
463 1193 588 1264 signabat
605 1193 732 1247 laborum.
769 1210 801 1247 en
819 1209 898 1246 como
909 1192 987 1246 etium
1003 1209 1049 1246 cur
1061 1209 1111 1260 per
1132 1193 1213 1261 signo
1230 1195 1351 1248 inroraret

255 1267 362 1319 militer.
398 1265 462 1318 boec
479 1280 525 1316 nos
542 1280 575 1317 ex
592 1261 745 1333 Dampstero
769 1261 796 1314 in
818 1260 870 1314 divi
895 1262 1012 1332 sacrique
1032 1261 1085 1315 veli
1110 1263 1293 1331 patrocinium,
1318 1279 1351 1315 na

255 1333 426 1416 prospriptam
450 1332 517 1416 lupii
541 1331 683 1386 doctrinam
705 1337 811 1452 tpinrera
824 1328 964 1451 oiderrpprur
990 1330 1138 1452 desplndare.
1173 1330 1248 1453 inger·
1265 1332 1352 1385 iconas

255 1401 889 1525 tihellztisstintermittit.
905 1400 1223 1538 enitimini,
1240 1417 1353 1522 ”stit

258 1539 380 1604 bifidum,
407 1539 448 1592 oui
472 1556 534 1593 crux
554 1539 658 1608 appicte
681 1545 735 1590 osta
760 1554 793 1590 an
815 1555 865 1592 non
881 1537 965 1608 potius
981 1537 1015 1590 ob
1032 1553 1133 1592 crucam
1155 1544 1182 1592 et
1203 1537 1352 1608 religionem

259 1609 350 1662 ἀίαααι
365 1609 450 1662 odom
467 1623 543 1680 quarn
560 1609 694 1677 geminum
710 1605 818 1662 aelami

239 1745 241 1750 .
328 1718 438 1790 p.40v.
451 1721 475 1774 1.
502 1711 679 1790 inorirrnq]
706 1718 783 1774 etiarn
798 1718 907 1774 labentis
923 1717 1020 1790 inperii
1035 1723 1151 1790 tempore
1170 1717 1280 1788 plurima
1295 1717 1354 1790 pol-

259 1787 332 1843 lebat
349 1794 469 1858 quaestor
484 1789 644 1843 aucmdtnte.
680 1789 776 1858 Eulogo
791 1787 886 1842 Leonis
909 1795 936 1842 et
958 1788 1119 1842 comtantini
1139 1791 1187 1842 Ab
1212 1789 1253 1843 tit.
1279 1789 1311 1842 5:
1334 1784 1351 1840 d

259 1855 408 1926 αοιαίοοορ
426 1851 554 1922 ἐξουσίαν
571 1851 618 1912 inl
634 1854 699 1921 τοὺς
716 1859 766 1927 τῆς
768 1855 898 1942 μεγάλης
912 1852 1015 1926 ταύτης
1031 1851 1236 1926 ἐπιδημοῦντας
1246 1853 1353 1918 πόλεως

260 1919 292 2011 ἐξ
318 1921 526 2012 oiuodrpnoporir
551 1922 656 1997 χώρας,
680 1928 736 1982 aira
761 1927 868 2048 euripus
890 1925 944 1981 sire
971 1930 1106 2009 povuinup
1128 1927 1183 1980 sira
1206 1922 1354 1995 niqqnnorir

261 2014 281 2064 q
300 2012 471 2064 μοναχοαςη
489 1991 652 2065 donnoniae,
670 1997 725 2051 sira
737 1995 793 2050 noir
824 1995 862 2062 ξω
880 1991 988 2050 πόλεων
1004 2012 1182 2064 οανηγοροας,
1199 1991 1227 2048 ei
1241 1993 1288 2048 nul
1304 1990 1352 2050 ἄλ-

262 2066 313 2131 1ης
332 2059 447 2118 οἱασοῠν
465 2063 548 2134 τύχης
561 2081 591 2118 τε
610 2064 658 2119 nal
674 2060 772 2132 ἀξίας,
794 2061 844 2120 nul
858 2061 1085 2134 περιεργάζεσθαι
1101 2064 1173 2126 τίνες
1187 2081 1217 2117 ra
1232 2059 1289 2118 sier
1306 2061 1355 2118 aul

261 2131 356 2185 πόθεν
372 2128 469 2200 ἥκοιεν
483 2133 531 2188 nul
547 2125 594 2186 int
610 2133 679 2208 ποίᾳ
695 2129 841 2202 προφάσει.
876 2134 948 2203 plura
970 2134 1132 2218 persequitur
1147 2133 1208 2186 illud
1225 2141 1304 2218 caput
1322 2133 1355 2186 od

262 2217 359 2254 moram
383 2201 523 2255 alienorum
547 2202 574 2256 in
598 2204 671 2258 urbe·
687 2202 830 2258 iaoimdam
854 2207 1002 2274 spectantia.
1046 2204 1192 2258 oemulatur
1212 2202 1280 2257 lune
1301 2203 1355 2256 GR

263 2271 403 2342 tomip.
420 2272 506 2346 87590
523 2277 550 2326 et
564 2273 609 2330 99.

331 2382 368 2438 ib.
383 2397 411 2440 v.
431 2385 472 2438 10.
490 2375 506 2436 i
522 2377 607 2452 μέγας
622 2379 827 2453 διερμηνευτής]
844 2397 911 2453 quae
926 2381 973 2436 sibi
986 2381 1144 2453 praestiterit
1152 2381 1240 2437 officia
1250 2397 1358 2450 magnus

260 2448 406 2524 interpres,
423 2451 596 2525 Luitpraudus
606 2453 639 2526 ‚in
654 2471 701 2508 rua
717 2453 861 2523 hugotione
876 2451 1003 2506 edissem

346 2565 411 2628 ibid.
442 2561 622 2650 δραγόμενοο
641 2568 700 2627 sive
715 2563 901 2650 δραγομοῖνοι
920 2567 1088 2644 interpretes
1109 2564 1267 2646 linguarum
1292 2583 1359 2625 exo-

260 2649 399 2731 tioarum,
420 2652 517 2728 quales
543 2655 573 2711 in
604 2653 674 2713 aulis
702 2653 797 2738 magni
826 2671 908 2731 reges
937 2652 1059 2729 habent,
1093 2658 1133 2710 nt·
1150 2653 1360 2732 peregrinarum

259 2737 388 2814 gentium
404 2736 557 2814 legationes
571 2739 797 2817 interpretentur.
817 2744 863 2797 est
884 2759 919 2797 ex
938 2737 1090 2796 Chaldaico
1107 2737 1250 2814 thargum,
1270 2741 1359 2795 meta-

260 2821 335 2880 thesi
353 2822 503 2902 primarum
518 2823 676 2901 literarum,
698 2824 836 2899 quodssest
864 2825 1155 2902 interpretamentum
1176 2828 1206 2881 et
1226 2827 1362 2898 meinrgen

261 2925 313 2965 seu
333 2912 472 2983 turgentum
493 2908 678 2987 interpretes,
702 2910 926 2990 δραγομανίζειν
949 2910 1130 2986 interpretem
1150 2926 1241 2984 agere.
1263 2908 1361 2964 hodie-

262 3008 319 3068 que
344 2992 392 3067 qui
417 2990 479 3050 loca
505 3011 585 3052 sacra
605 2985 780 3053 Palaestinae
797 2995 936 3072 lustrant,
960 3013 1027 3053 suos
1048 2995 1216 3073 interpretes
1238 2991 1361 3052 drussel-

261 3095 380 3137 mannos
392 3082 502 3136 vocant

349 3195 385 3256 ib.
405 3214 432 3256 v.
457 3199 503 3259 17.
524 3197 583 3256 sive
597 3197 634 3256 de
652 3195 746 3275 armis]
768 3197 809 3256 ita
821 3197 1003 3276 vertendum,
1024 3217 1083 3258 non
1096 3203 1130 3258 ut
1146 3197 1243 3256 Iunius
1256 3195 1361 3270 ubique

263 3278 297 3340 de
316 3282 453 3356 curribus,
474 3283 541 3359 quia
559 3283 673 3342 Graecis
688 3279 769 3362 ἅρμα
784 3279 914 3362 ἅρματος
930 3283 981 3344 καὶ
999 3279 1036 3345 roi
1051 3280 1167 3364 inpuro
1186 3302 1263 3341 ormo
1282 3287 1361 3356 sunt,

263 3371 298 3424 ut
314 3365 408 3425 multis
421 3368 554 3448 exemplis
573 3371 677 3430 docent
696 3367 836 3446 Rigaltius
856 3373 885 3426 et
903 3368 1043 3430 Meursins
1060 3369 1089 3426 in
1107 3367 1264 3426 Glossariis.
1296 3366 1360 3424 hinc

264 3443 533 3531 α’ρμαμενταρεῖον,
557 3447 807 3534 ἄρμαμενταρεῖα,
828 3446 1017 3534 ἅρματώριον
1036 3454 1283 3526 armamentarium,
1306 3443 1361 3534 rip-

265 3529 354 3616 poiror
378 3540 493 3612 armati,
514 3530 701 3621 α’ρματοῦραο
720 3546 888 3614 ornaturae,
912 3533 1083 3620 οἶμματοῦν,
1105 3532 1293 3620 οἷρματῶνειν
1313 3553 1361 3594 ur-

263 3639 345 3681 more.
366 3622 435 3698 quin
445 3629 474 3681 et
487 3623 586 3682 vocula
601 3619 750 3708 οἲρμοὶριον
764 3629 794 3683 et
807 3617 927 3707 οἷρμάρη
942 3630 1075 3702 utuntur,
1098 3624 1176 3699 quod
1189 3628 1234 3682 est
1248 3640 1361 3704 promp-

262 3708 385 3769 tuarium
399 3721 450 3768 seu
464 3715 607 3788 ταμιεῖον.

334 3830 400 3889 ibid.
420 3828 559 3902 κούρσωα]
584 3831 711 3898 montino
726 3835 803 3886 vocat
818 3831 873 3884 Leo
895 3830 922 3884 in
943 3829 1058 3886 Taoticia
1073 3830 1188 3902 pluribus
1205 3828 1308 3886 constit.
1328 3828 1360 3883 17

264 3897 345 3970 lonis,
362 3901 519 3956 incursiones
536 3901 658 3956 videlicet
675 3906 701 3954 et
718 3901 941 3971 depraedationes.

349 4032 377 4092 p.
398 4013 439 4079 41
460 4034 487 4074 v.
508 4018 536 4080 6.
574 4015 794 4094 protonotarius]
829 4015 875 4074 bic
891 4014 1045 4095 palatinum
1075 4013 1195 4073 officium
1214 4010 1362 4088 significat,

264 4095 480 4158 eeclesiasticnnn
498 4117 565 4158 vero
586 4100 616 4159 in
635 4102 760 4160 secunda
778 4102 902 4180 pentade
918 4101 1075 4159 officialium
1090 4117 1210 4176 magnae
1223 4095 1361 4155 ecclesiae.

263 4186 384 4258 uterque
403 4183 499 4264 plures
512 4184 565 4243 snb
589 4205 621 4245 se
642 4186 765 4246 babebat
785 4187 926 4264 notarios,
950 4187 998 4263 qui
1021 4185 1087 4244 olim
1116 4183 1293 4242 celebrabant
1321 4176 1362 4244 25

265 4266 398 4328 Octobris
420 4269 524 4330 festum
551 4271 596 4330 SS
628 4277 782 4352 martyrum
801 4270 936 4332 Marciani
961 4281 992 4332 et
1011 4271 1147 4348 Martyri‚
1169 4287 1258 4346 quos,
1278 4271 1311 4324 ut
1328 4280 1362 4322 ex
