3016 4906
260 323 334 396 364
417 321 625 393 GRETSERI
637 323 692 390 ET
711 319 844 390 coam
857 317 1188 388 COMMENTARIUS

343 509 371 567 p·
385 491 425 552 93
446 505 473 545 v.
494 488 544 550 22.
566 481 651 562 τάξιν
666 483 928 567 ἒπκλησια’στικῆν,
948 481 990 567 ἣν
1003 487 1128 548 καλοῦσι
1145 487 1202 547 rou
1223 481 1256 547 dl
1270 505 1350 546 noas.

259 573 374 637 ordinem
398 573 615 646 cartenarium,
637 592 710 652 quem
730 577 814 652 ipsine
828 577 931 632 vocant.
974 590 1137 651 perperam,
1158 570 1209 629 sed
1233 571 1353 630 correxit

258 659 354 716 Iunius
375 675 496 716 errorem
516 676 551 715 ex
571 658 625 716 alio
649 658 752 717 codice.
793 655 946 735 legendum
962 658 1035 715 enin
1049 660 1106 716 cori
1119 649 1300 729 danocdaou,
1318 661 1352 712 ut

259 744 345 802 habet
365 743 484 802 Ioannes
503 742 717 802 Cantacuzenus
736 744 767 801 in
787 763 839 802 sua
858 743 973 801 historia
989 741 1037 804 l.1
1062 742 1100 798 de
1112 740 1191 798 bellis
1206 742 1279 799 inter
1292 738 1352 798 An-

259 829 402 888 dronicum
421 847 504 886 avum
524 834 554 886 et
575 833 723 906 nepotem3
747 828 795 886 ubi
818 829 903 887 ritum
915 828 1101 904 inaugurandi
1114 826 1289 904 imperatoris
1303 827 1351 883 de·

258 914 364 972 scribit.
412 914 473 972 cod.
494 913 593 972 Bavar.
616 908 815 987 decucurisse,
843 919 934 990 recte,
958 913 983 970 si
1003 913 1115 970 unicum
1134 913 1226 988 sigma
1248 911 1352 968 demas.

259 1017 358 1056 sensus
373 1004 432 1056 est:
453 998 604 1076 imperator
626 1003 704 1057 tenet
716 1005 784 1057 tnnc
793 997 934 1078 (nimirum
948 998 978 1056 in
990 996 1038 1055 illa
1051 995 1241 1076 processione)
1260 995 1352 1054 locum

259 1083 388 1159 deputati.
430 1091 591 1143 numeratur
613 1089 707 1144 autem
727 1083 848 1142 officium
867 1083 996 1162 deputati
1017 1081 1296 1161 acuropalatainter
1309 1082 1352 1139 os-

259 1169 320 1227 ficia
333 1187 453 1245 magnae
466 1169 595 1228 ecclesiae
607 1169 637 1228 iu
652 1167 780 1251 catalogo
795 1168 951 1233 officialium
966 1168 1090 1228 eiusdem
1103 1167 1201 1244 aulae,
1215 1187 1239 1225 c.
1256 1169 1286 1228 1.

327 1291 392 1344 ibid.
427 1291 575 1360 simulatque
591 1307 711 1346 summum
732 1292 865 1362 imperium
883 1290 967 1362 quivis
988 1288 1131 1357 accipiebat
1147 1290 1300 1360 imperator,
1316 1287 1352 1340 ait

260 1359 390 1424 Zosimus,
408 1362 515 1414 amictus
533 1361 557 1412 ei
579 1361 744 1414 sacerdotalis
767 1379 783 1414 a
806 1359 967 1430 pontificibus
990 1359 1162 1426 offerebatur,
1185 1365 1211 1412 et
1234 1357 1351 1410 continno

260 1429 386 1498 pontilicis
403 1428 503 1482 maximi
520 1428 619 1482 titulum
635 1446 696 1483 usur
713 1432 788 1495 abat3
805 1436 929 1498 tantaque
948 1434 1006 1482 erat
1029 1428 1097 1481 iuter
1120 1426 1310 1498 imperatoriam
1326 1433 1352 1478 et

259 1497 416 1580 pontificiam
433 1497 580 1566 dignitatem
596 1514 719 1552 connexio
744 1497 774 1552 ut
796 1496 852 1552 sina
874 1497 986 1551 bacilla
1010 1496 1150 1550 consistere
1173 1495 1305 1566 nequiret,
1323 1511 1353 1545 ac

260 1583 289 1618 nr
307 1583 364 1619 eum
382 1565 476 1618 subditi
493 1566 638 1635 conspirare
661 1567 849 1636 impellerentur
870 1567 1005 1631 audacius,
1027 1583 1102 1636 mern
1124 1565 1207 1633 patria
1231 1564 1353 1632 religione

261 1640 435 1687 consecratum
452 1651 503 1686 non
520 1635 761 1705 contemplarenturc
785 1652 859 1705 quem
883 1652 945 1688 vero
970 1634 1014 1688 illa
1037 1635 1162 1688 sublatum
1186 1633 1353 1704 suspicerent,

260 1709 332 1754 tanta
349 1703 422 1756 simul
437 1704 587 1756 antenotata
602 1704 739 1776 pollentem
756 1706 944 1758 venerabantur
958 1709 988 1756 ut
1011 1721 1042 1757 eo
1063 1704 1167 1773 quosvis
1189 1702 1353 1770 magistratus

260 1778 404 1824 assererent
420 1771 570 1839 interiores,
587 1783 615 1825 et
630 1791 663 1827 ex
680 1775 734 1827 eius
751 1780 814 1828 nutu
830 1774 1012 1843 voluntateque
1035 1790 1078 1826 res
1094 1773 1209 1842 publicae
1229 1771 1352 1843 privatae,

259 1840 320 1894 belli
338 1841 424 1910 pacis,
441 1851 563 1895 externae
578 1841 729 1896 domesticae
751 1849 857 1896 cunctae
882 1843 1036 1912 pendereut3
1060 1859 1126 1911 quae
1154 1857 1232 1895 causa
1254 1840 1305 1892 fuit
1325 1845 1352 1893 nt

258 1909 325 1961 inter
343 1909 498 1964 christianos
515 1911 684 1980 imperatores
702 1912 791 1982 primi,
810 1911 993 1966 Constantinus
1012 1909 1178 1963 Constantius
1194 1908 1352 1962 Valentinia-

257 1995 307 2031 nus
323 1979 420 2032 Valeus
437 1985 465 2031 et
482 1981 524 2032 alii
541 1981 574 2031 ad
592 1981 744 2034 Gratianum
761 1998 777 2032 u
809 1997 855 2047 ue,
873 1979 998 2051 pontilicis
1015 1979 1114 2032 maximi
1130 1979 1231 2032 titulum
1249 1979 1352 2031 stolam·

259 2063 310 2115 que
333 2064 383 2099 non
405 2047 501 2101 luerint
521 2050 641 2102 aversati.
668 2049 726 2102 hinc
748 2049 791 2102 illu
833 2049 958 2102 Ambrosii
981 2049 1013 2102 de
1031 2048 1181 2102 Christianis
1198 2047 1352 2117 principibus

258 2115 334 2167 etiam
351 2115 418 2168 intra
435 2116 596 2169 Christianae
611 2117 743 2185 religionis
758 2119 880 2172 terminos
895 2117 1032 2171 ambitione
1048 2118 1126 2170 motis
1139 2117 1250 2170 dictumc
1272 2119 1351 2184 ougo

257 2185 311 2248 dici
328 2186 395 2252 qnod
405 2186 573 2253 imperatores
584 2187 755 2240 sacerdotium
772 2190 860 2256 magis
873 2189 1019 2256 optaverint
1030 2204 1107 2256 psum
1118 2187 1254 2254 imperium
1265 2203 1352 2239 sucer-

257 2253 339 2306 dotes.
357 2252 401 2305 ubi
418 2262 503 2307 tamen
521 2262 594 2306 aucta
610 2255 702 2324 religio
726 2257 872 2309 umbratiles
895 2257 972 2308 etum
989 2255 1176 2324 superstitionis
1199 2256 1289 2308 titulos
1307 2254 1352 2306 eli-

256 2319 362 2374 minavit
380 2323 527 2393 epulatio,
550 2321 581 2376 sic
605 2325 705 2378 sincera
720 2326 809 2378 mentis
828 2324 936 2377 deiectio
953 2325 1032 2378 fabas
1051 2331 1095 2375 aut
1113 2341 1195 2378 vanas
1209 2324 1352 2394 repudiarit

256 2391 458 2458 appellationes,
476 2392 542 2444 inter
558 2393 660 2447 ultimos
683 2394 804 2448 ecclesiae
825 2394 951 2446 ministros
975 2394 1058 2446 locum
1081 2393 1194 2462 reperire
1213 2410 1246 2446 ac
1266 2409 1351 2446 eorum

257 2475 346 2511 munus
362 2462 496 2530 quodpiam
513 2461 538 2514 in
553 2463 661 2516 ecclesia
680 2463 751 2516 obire
767 2464 816 2516 fuit
832 2464 882 2516 illis
896 2463 921 2514 in
939 2461 1036 2532 pretio;
1061 2463 1127 2514 unde
1144 2469 1225 2516 ortum
1241 2471 1304 2532 pato
1324 2467 1352 2513 ut

257 2529 376 2597 antiquas
393 2531 540 2598 chlamydes
556 2532 712 2602 posteriores
735 2532 835 2602 imperii
854 2548 1015 2585 successores
1030 2531 1057 2584 in
1074 2531 1212 2599 mandyas,
1232 2532 1351 2584 lectorum

257 2597 351 2678 pallia,
369 2606 566 2663 converterent,
582 2602 758 2671 deputatorum
775 2603 802 2654 in
819 2602 927 2653 ecclesia
941 2606 1062 2668 gererent
1084 2599 1213 2668 officium,
1238 2606 1266 2654 et
1287 2601 1351 2652 viam

257 2683 283 2717 rn
301 2667 399 2719 solenni
416 2685 544 2722 saccorum
561 2669 683 2724 donorum
706 2671 739 2723 ad
761 2671 842 2722 altare
867 2668 1046 2740 deportatione
1068 2669 1167 2724 clericis
1188 2676 1216 2723 et
1236 2670 1351 2723 sacerdo·

257 2732 327 2787 tibus
349 2743 493 2790 sternerent
500 2757 509 2797 ‚·
531 2755 563 2791 ac
586 2739 684 2792 demum
715 2740 822 2792 ecclesia
844 2738 990 2806 religiosam
1014 2737 1155 2791 huiusmodi
1179 2738 1351 2792 demissionem

259 2811 468 2871 compensatum,
495 2813 537 2858 tus
556 2823 730 2877 nonnunquam
754 2809 781 2860 in
805 2808 928 2860 altaribus
955 2807 1125 2872 accendendi,
1148 2807 1255 2860 trisulco
1279 2823 1350 2860 cerco

259 2872 458 2927 benedictionem
476 2875 583 2928 subditis
600 2877 759 2946 impertiendi
777 2893 914 2946 sacrosque
930 2892 1059 2930 smmeues
1075 2876 1109 2929 ad
1126 2893 1247 2946 proceres
1263 2882 1291 2930 at
1307 2893 1350 2946 po-

258 2941 346 3010 pulum
362 2941 470 2995 habendi
486 2945 620 2999 contulerit
635 2965 689 3000 eam
706 2953 876 3015 potestatem,
893 2963 968 3015 quam
983 2947 1016 2998 ab
1034 2944 1145 2998 iniustae
1159 2946 1202 2998 val
1213 2947 1351 3012 sacrilegae

259 3009 431 3078 usurpationis
441 3011 542 3064 crimine
550 3029 609 3066 reor
623 3014 773 3067 vindicatam
784 3025 843 3067 nota
858 3015 885 3067 in
897 3015 1001 3068 huiusce
1014 3015 1125 3068 auctoris
1137 3014 1217 3068 nostri
1227 3023 1304 3084 caput
1320 3012 1350 3067 14

260 3077 327 3146 adp.
339 3080 373 3133 76
386 3095 411 3132 r.
423 3081 467 3134 20.
476 3097 551 3149 quam
566 3083 587 3134 si
606 3082 663 3152 quis
683 3083 895 3137 condemnandam
910 3083 1067 3153 pervicacius
1078 3089 1192 3152 expetat,
1205 3101 1264 3136 reos
1280 3083 1349 3136 simul

259 3153 321 3214 agat
337 3165 442 3201 necesse
459 3157 499 3201 est
516 3149 742 3205 Christianissisnos
759 3170 834 3220 reges
849 3152 876 3204 in
897 3153 1018 3223 primores
1042 3153 1177 3205 canonicos
1202 3170 1217 3205 a
1241 3153 1349 3222 pluribus

260 3218 439 3270 ecclesiasticis
456 3218 570 3286 collegiis
589 3221 711 3288 allectos,
729 3221 881 3290 eosdemque
897 3241 928 3276 ac
944 3239 1074 3290 supremos
1091 3221 1155 3274 alios
1171 3223 1265 3275 saeculi
1282 3223 1350 3289 prin-

260 3286 347 3355 cipes,
364 3289 407 3356 qui
423 3290 532 3341 munium
550 3290 645 3362 aliquid
656 3290 887 3346 ecclesiasticorum
904 3299 1069 3362 praesumant
1082 3291 1151 3345 acin
1164 3291 1349 3362 privilegiorum

257 3363 357 3427 partem
373 3374 426 3409 rem
442 3358 574 3428 deputent.

341 3490 369 3550 p.
385 3469 426 3534 94
439 3492 466 3532 v.
485 3474 511 3535 1.
539 3480 712 3556 προηγεῖται
733 3477 788 3552 τῆς
811 3467 927 3538 εἰσόδου
949 3467 1059 3552 πάσης]
1085 3474 1221 3552 praecedit
1239 3493 1286 3554 per
1306 3476 1349 3532 in·

256 3576 372 3633 gressum
394 3563 485 3618 totum.
529 3559 635 3620 inseite.
677 3561 772 3638 potius
790 3560 925 3638 praecedit
946 3565 1029 3620 totum
1048 3559 1261 3639 supplicationem
1267 3603 1276 3636 ,
1293 3561 1349 3638 pri·

258 3662 314 3701 nus
324 3648 365 3702 est
378 3645 407 3701 ia
418 3647 587 3722 processione.
629 3646 844 3705 Cantacuzenus
856 3643 983 3726 ἡγεῖται.

340 3745 376 3821 a'b'.
398 3782 423 3822 v.
447 3765 475 3825 6.
504 3763 602 3824 forsan
622 3785 675 3845 pro
693 3761 767 3827 illic
780 3766 930 3843 legendum
945 3763 1062 3826 durnin
1105 3763 1146 3822 sic
1159 3763 1234 3822 enim
1247 3761 1347 3820 Canu-

257 3866 392 3951 cuzeqrus:
417 3842 524 3912 ἔπιπλά
543 3873 575 3912 ce
594 3849 646 3914 col
669 3848 761 3930 suerin
780 3857 840 3914 coin
862 3850 951 3932 laonio
967 3849 1019 3912 nul
1034 3845 1111 3912 crisci
1126 3841 1274 3930 ἁγιώτατα
1286 3846 1348 3909 tne-

257 3955 427 4012 φερομενοι.

324 4047 390 4101 ibid.
424 4043 507 4116 σκεύη
524 4042 557 4101 δέ
572 4065 602 4102 cs
620 4043 702 4117 ἄλλα]
720 4047 747 4100 in
762 4047 880 4116 liturgiae
898 4049 1016 4118 ingressu
1032 4048 1141 4112 maiore,
1168 4063 1242 4101 sacro
1259 4057 1347 4116 proce·

259 4113 332 4167 dendi
353 4117 418 4179 ritu,
434 4117 545 4173 lectores
561 4117 708 4172 subdiaconi
727 4117 825 4170 diaconi
848 4124 875 4172 et
897 4119 1044 4172 sacerdotes
1069 4118 1159 4171 ordine
1184 4111 1348 4185 progrediun-

257 4189 316 4236 tur:
334 4185 450 4255 pontifex
466 4186 486 4238 si
504 4185 634 4253 celebret,
651 4203 781 4258 nusquam.
798 4186 844 4239 sed
862 4188 996 4240 redeuntes
1011 4188 1038 4240 in
1055 4185 1134 4241 sacris
1152 4185 1233 4238 valvis
1249 4179 1347 4249 excipit.

260 4253 368 4304 lectores
382 4259 413 4304 et
428 4253 478 4305 illis
497 4256 615 4324 permixti
638 4257 753 4327 deputati
776 4261 803 4309 et
824 4256 970 4311 subdiaconi
995 4273 1082 4312 cereos
1105 4270 1228 4308 accensos
1251 4250 1347 4322 praelo·

158 4339 161 4346 ’
219 4395 223 4404 ¹
260 4329 321 4375 runt
343 4322 384 4375 vel
407 4321 526 4390 flabella,
549 4324 649 4380 diaconi
672 4327 800 4395 turibula,
824 4327 974 4397 penultimus
995 4333 1079 4381 maen
1100 4322 1231 4396 pontificis
1248 4317 1347 4392 pallium
