2942 4916
154 345 157 354 ·
246 338 322 410 aaa
412 329 688 408 caesarium
704 327 1178 444 conmconnnnamms
1234 432 1238 437 ρ

318 517 345 572 p.
356 497 391 554 85
402 515 429 552 v.
439 499 465 556 7.
483 493 532 550 ἵνα
545 491 735 566 σημηγορηση]
753 493 833 550 verba
850 493 935 548 locere
953 491 987 548 do
1000 493 1078 548 rebus
1092 493 1172 548 samis
1185 493 1221 548 ed
1229 495 1343 550 senstum

251 577 280 626 et
313 567 433 654 populum
458 565 625 634 imperatores
652 561 757 620 Graeci.
797 563 968 630 Theophanes
996 562 1128 618 cedrenus
1153 564 1271 618 Zonaras
1293 570 1344 619 tam

249 655 325 706 pravi
346 638 433 691 morbo
459 635 581 688 iactatum
605 633 716 688 Leonem
744 632 891 703 Sapientem
917 632 1032 685 referunt
1058 626 1095 694 ola
1118 627 1157 702 μὴ
1180 633 1344 718 δυνηθῆναι

251 707 433 775 διαλεχθῆναι
449 704 485 774 τῇ
500 697 641 774 συγκλήτῳ
657 696 711 771 τὴν
726 697 838 769 συνήθη
855 696 994 767 διάλεξιν,
1014 695 1034 770 ἢ
1051 703 1179 756 καλεῖται
1194 703 1342 762 σελευτιον.

181 815 183 820 -
248 776 404 830 recudaatur
429 774 462 828 ab
487 771 568 826 amico
588 771 732 837 Combelis,
753 786 818 840 ques
839 768 871 822 do
891 768 1009 836 Christo,
1033 768 1066 842 de
1084 770 1115 826 B.
1137 771 1175 836 V,
1197 770 1232 823 de
1248 772 1345 825 mactis

249 845 336 915 plnres
353 850 461 912 vegetos
477 839 651 913 pronuntiavit
667 855 804 894 sermones.
838 838 983 892 Alexander
1000 838 1075 914 huius
1085 838 1180 892 Leonis
1190 841 1282 904 fraus,
1301 858 1345 894 re-

250 916 351 968 serante
371 912 507 972 Cedreno.
527 905 585 978 ἅμα
602 905 735 978 Νικολάῳ
751 905 902 968 καθεσθεὶς
916 899 947 962 λυ
963 906 999 978 τῇ
1014 903 1193 980 Μαγναύρᾳ,
1208 909 1346 963 asanaa

249 978 401 1052 γενομένου
414 976 467 1049 τὴν
483 973 630 1048 atavum
645 975 811 1046 καθαίρεσιν
822 968 981 1044 ἐποιήσατο.
1015 976 1119 1030 Manuel
1131 977 1285 1042 Comnenns,
1296 978 1347 1032 Ni-

251 1059 309 1106 ceta
323 1051 451 1122 scriptore
466 1049 493 1102 in
511 1048 565 1102 eius
582 1048 637 1099 vita
652 1047 670 1100 l.
690 1049 723 1112 7,
744 1064 797 1099 scs
833 1044 961 1114 ητηρίους
977 1038 1058 1100 dcam
1074 1041 1189 1115 λόγους,
1211 1040 1261 1108 οὕς
1277 1063 1346 1116 φασι

251 1117 390 1188 celloran,
404 1111 618 1186 ναλνλρνοινὴν
631 1109 783 1170 ἀνέπαυσεν
819 1110 896 1183 νοήν.
930 1115 964 1167 de
988 1113 1077 1168 Leone
1099 1114 1217 1169 Armonio
1244 1115 1346 1170 dixerat

186 1240 192 1254 ‚
251 1187 323 1274 prius
334 1186 422 1242 brevis
434 1193 461 1241 et
471 1185 572 1240 mutilas
582 1184 744 1248 continuator
755 1182 918 1252 Theophanis
928 1178 960 1237 cd
977 1180 1052 1250 προιλ
1068 1177 1196 1253 ἐποίησεν
1212 1180 1347 1239 σιλένσιον

251 1251 350 1320 ovida
371 1257 422 1326 τῆς
448 1249 595 1324 ἀληθείας,
634 1253 730 1307 idcirco
752 1253 852 1306 demum
868 1253 953 1318 ignem
974 1251 1170 1324 imperatoribus
1193 1253 1348 1308 Christianis

252 1327 392 1397 praelatum
409 1325 499 1378 asserit
517 1323 650 1376 Bulsamon
667 1321 735 1391 quod
754 1315 863 1390 λαμπὰς
875 1320 1076 1375 aromatizet
1090 1315 1165 1376 lario
1180 1318 1346 1393 ἀξιώματος,

253 1403 282 1449 et
300 1390 505 1466 αὐτοκράτορες
520 1391 708 1464 sarmatiensis
723 1384 865 1462 ὁμιλοῦσιν
879 1389 921 1460 api
934 1387 1112 1464 γριστοιυύμηι
1125 1392 1195 1466 λαῷ.
1328 1411 1332 1426 ·

257 1553 280 1588 ,ι
321 1504 355 1558 a.
373 1523 401 1561 v.
416 1504 443 1559 8.
459 1496 621 1592 pispysnsiop
639 1495 785 1586 ξφφικὼν]
802 1499 840 1585 ita
856 1498 999 1585 (ipmnenus
1013 1500 1128 1586 plenius,
1144 1505 1213 1587 teste
1228 1501 1347 1586 {lisoius

254 1581 325 1626 vitae
340 1573 358 1626 1.
377 1574 409 1638 1,
436 1588 468 1625 σο
494 1589 577 1641 peace
599 1569 721 1645 ασελαβε
744 1586 786 1622 πα
804 1587 823 1623 α
839 1585 889 1622 σου
903 1586 1111 1638 αυτονρασορορ
1129 1589 1181 1642 νην
1197 1589 1250 1626 σου
1266 1571 1347 1644 cesla-

253 1645 321 1696 σποῦ
336 1637 435 1710 siglas,
450 1635 583 1713 σεβαστός
597 1635 770 1709 ἀναρρηθεὶς
800 1657 817 1692 κ
832 1633 914 1709 μέσης
929 1637 1092 1709 συγκλήτου.

337 1758 373 1816 ic.
390 1773 417 1814 v.
442 1758 488 1818 18.
526 1753 732 1837 apocrisiarius]
761 1758 806 1813 est
830 1752 1024 1832 halegans,
1060 1754 1110 1832 qui
1143 1754 1259 1814 alterius
1286 1755 1347 1815 loco

252 1840 414 1919 inperatori
433 1839 540 1917 aliquid
562 1839 715 1920 proponit3'
730 1839 809 1915 ¹qumi
835 1845 927 1898 tamen
943 1840 1054 1898 noninisi
1068 1859 1120 1919 per
1138 1842 1349 1918 protovestiari-

252 1933 320 2004 ten‚
339 1932 369 1986 et
385 1926 439 1986 hoc
459 1927 576 1984 absente
593 1945 644 2005 per
665 1945 797 2001 magnum
818 1924 1051 2002 hetaeriarcham,
1071 1931 1101 1986 et
1117 1925 1171 1986 hoc
1187 1927 1286 1984 itidem
1300 1927 1348 1986 ab·

142 2025 145 2030 '
252 2016 333 2071 senta
346 2031 398 2090 per
410 2012 595 2090 primicerium
615 2010 694 2070 aulae
707 2011 766 2070 fieri
780 2016 900 2089 poterat.
922 2029 989 2069 cave
1002 2016 1097 2070 autem
1112 2030 1148 2070 na
1162 2011 1199 2070 ob
1212 2011 1350 2089 ambigui-

253 2101 343 2154 tatem
364 2096 464 2155 Graeci
491 2101 585 2155 textus
609 2096 727 2175 primum
749 2096 993 2173 protovestiariten
1016 2116 1100 2156 crees.
1129 2116 1188 2178 non
1209 2098 1284 2182 epim
1305 2097 1351 2156 hic

252 2199 352 2242 sensns
366 2187 426 2260 est,
444 2183 794 2264 primumprotaoeattaniten
810 2181 857 2240 loc
867 2201 958 2260 poue:
979 2183 1031 2241 sed
1052 2183 1125 2240 inter
1142 2172 1239 2240 amnes
1252 2189 1351 2259 proto-
1469 2259 1470 2270 ἵ

252 2265 415 2326 vestiariten
434 2271 555 2346 πρῶτον
574 2267 693 2347 primum
711 2271 777 2325 ante
795 2285 892 2334 omnes
911 2285 974 2325 esse
995 2268 1039 2327 cui
1062 2266 1224 2349 imperatori
1244 2267 1350 2346 aliquid

253 2352 283 2410 in
296 2352 434 2432 parastasi
446 2354 624 2434 proponendi
635 2353 679 2412 ius
693 2358 722 2412 et
734 2351 852 2413 facultas
862 2357 1006 2435 suppetat
1125 2376 1127 2380 ¹

337 2472 397 2531 Sed
420 2478 453 2532 ut
471 2469 509 2532 ad
532 2473 738 2551 apocrisiarium
758 2472 801 2532 vel
825 2473 1022 2551 apocrisarium
1040 2471 1146 2532 dictum
1169 2491 1187 2530 a
1207 2471 1351 2553 responsis

147 2555 238 2612 1³2oe
253 2563 441 2635 revertamur,
460 2563 506 2616 est
524 2557 712 2626 intemuntius
730 2577 896 2638 responsum
910 2560 1002 2616 ferens
1022 2563 1073 2618 aut
1086 2558 1238 2636 accipiens,
1260 2563 1292 2616 et
1307 2563 1352 2615 est

252 2642 364 2720 legatus
383 2643 427 2702 vel
455 2650 619 2721 procurator
637 2641 798 2703 conficiendi
817 2643 930 2702 alicuius
951 2644 1058 2720 negotii
1078 2663 1163 2702 causa
1180 2644 1293 2706 missus.
1322 2643 1353 2701 in

253 2729 380 2806 epistolis
391 2729 420 2787 S.
437 2729 590 2806 Gregorius
604 2749 722 2806 magnus
736 2735 766 2787 et
780 2729 827 2787 alii
839 2727 960 2788 Romani
971 2729 1116 2806 pontifices
1130 2732 1353 2806 apocrisarios-am

198 2859 201 2878 .
253 2818 283 2872 et
294 2813 481 2892 responsalium
495 2815 599 2892 passim
614 2814 770 2873 meminere.
792 2815 926 2891 originem
946 2814 1032 2873 habet
1052 2834 1108 2874 vox
1128 2809 1189 2876 cino*
1204 2817 1261 2876 coci
1275 2807 1353 2874 ‹irso-

253 2899 410 2974 ιιρίνομαι,
432 2899 510 2973 quod
528 2904 572 2957 est
585 2919 732 2976 responsam
745 2900 818 2959 darc.
836 2900 921 2958 hodie
933 2918 1014 2976 reges
1028 2907 1058 2978 et
1073 2899 1214 2979 principes
1238 2899 1269 2956 in
1289 2897 1354 2955 aula

254 2982 394 3060 pontificis
414 2988 443 3041 et
470 2982 587 3043 aliorum
612 3003 709 3060 regum
729 3003 797 3042 suos
824 2985 930 3043 habent
950 2984 1074 3062 legatos,
1095 2986 1144 3060 qui
1166 3001 1264 3044 revera
1285 2990 1354 3041 sunt

254 3071 431 3143 apocrisarii,
452 3068 593 3148 responsis
614 3070 737 3127 serendis
755 3075 785 3127 et
798 3070 964 3148 accipiendis
985 3071 1125 3128 destinati.
1158 3068 1223 3128 olim
1237 3067 1354 3127 ecelesia

253 3149 383 3213 Romana
403 3152 432 3211 in
456 3152 609 3232 cpolitana
624 3154 746 3213 habebat
766 3174 849 3214 suum
866 3156 1074 3234 apocrisiarium
1089 3174 1140 3214 seu
1153 3154 1355 3233 responsalem,

254 3221 346 3312 quiin
367 3238 431 3297 aula
450 3239 625 3316 imperatoris
642 3241 768 3298 residens
789 3259 834 3300 res
855 3240 986 3300 ecclesiae
1009 3241 1141 3314 curabat3
1164 3259 1222 3315 quo
1238 3257 1355 3299 munere

253 3321 319 3379 olim
337 3322 368 3380 in
392 3323 456 3382 aule
474 3323 620 3382 Iustiniani
639 3325 753 3384 functus
770 3332 815 3384 est
836 3331 903 3384 ante
924 3327 1118 3403 pontificatum
1142 3325 1172 3384 S.
1199 3325 1354 3402 Gregorius

252 3423 380 3484 magnas.
395 3410 466 3468 etin
489 3408 554 3468 aula
572 3429 671 3488 regum
690 3411 825 3472 Franciae
837 3418 992 3490 perpetuus
1014 3415 1083 3488 erat)
1092 3411 1303 3490 apocrisiarius,
1323 3409 1355 3466 id
1394 3395 1401 3418 ⁴

253 3499 299 3570 est
314 3494 484 3574 responsalis
503 3497 681 3572 negotiorum
704 3495 958 3556 ecclesiasticonun.
996 3491 1165 3556 Hincmarus
1185 3497 1270 3576 epist.
1289 3495 1312 3556 3
1329 3514 1354 3552 c.

255 3578 297 3642 13
326 3583 356 3638 ct
389 3579 445 3642 14:
488 3581 594 3658 ρυαοάο
630 3581 818 3642 Constantinus
855 3601 972 3658 ningues
1008 3585 1150 3660 imperator
1186 3583 1356 3642 Gln'stiaaur

252 3663 488 3745 effectmpropter
509 3684 622 3725 amorem
641 3668 806 3728 clanmorem
830 3658 887 3726 δ’δ’.
909 3667 1084 3745 apostoloram
1109 3665 1187 3726 Pete·
1212 3672 1238 3725 et
1261 3664 1356 3736 Pauli,

254 3769 364 3830 psoram
377 3750 500 3809 doctrina
513 3771 546 3809 ac
560 3755 705 3812 ministeria
718 3749 756 3812 ad
770 3754 872 3813 carisa
881 3756 1000 3830 patiam
1015 3753 1183 3833 baptimatis
1196 3751 1359 3811 εαοτουιοιλι·

249 3838 388 3912 pervenit,
410 3835 494 3896 locum
515 3842 540 3895 et
561 3837 645 3897 sedem
660 3858 753 3913 mam,
773 3840 861 3897 arbem
881 3838 981 3897 scilicet
999 3837 1163 3908 Romanam,
1179 3855 1269 3915 popae
1292 3833 1357 3894 Sil-

253 3926 340 3980 cestre
360 3920 445 3980 edicto
461 3921 602 3998 privilegii
623 3923 754 4000 tradidit,
776 3930 801 3983 et
823 3921 909 3982 codam
932 3943 1008 3982 scam
1027 3927 1059 3983 ia
1075 3925 1264 3995 civitatetua,
1287 3937 1358 3998 quac

254 4010 335 4064 antec
355 4004 520 4084 Byzantium
535 4009 698 4080 cacabatas,
719 4011 831 4068 nominis
852 4010 898 4066 sai
912 4011 1045 4067 deitatem
1059 4006 1211 4085 amplianda
1222 4006 1358 4084 accipian-

253 4092 311 4164 ca't,
332 4095 359 4148 et
379 4096 420 4150 σία
440 4093 600 4170 νοηιονααλοο
614 4099 670 4152 tam
684 4093 823 4152 Baccanae
838 4093 907 4151 sedis
928 4113 1007 4171 qaam
1020 4099 1047 4152 et
1063 4093 1181 4152 aliarum
1193 4095 1359 4172 praeceptae·

254 4191 312 4232 mm
327 4174 427 4234 sedium
439 4179 469 4234 ia
486 4177 591 4254 palatio
603 4197 655 4256 pro
671 4179 855 4238 ecclesiasticis
868 4181 983 4256 negotiis
1004 4180 1185 4252 mactabant,
1207 4173 1358 4255 aliquando

250 4277 299 4344 per
316 4262 463 4346 episcopos,
483 4261 627 4341 aliqnando
649 4283 708 4324 cero
721 4284 770 4343 per
792 4265 916 4324 diaconos
936 4264 1082 4342 apostolica
1102 4263 1174 4323 sedes
1193 4262 1241 4321 loa
1263 4259 1360 4340 officio

249 4341 435 4420 1[ιιοςολισλασς
457 4365 507 4424 qno
527 4347 611 4425 officio
628 4349 664 4410 B.
687 4351 832 4432 (ἐνιαυσίαν
852 4353 881 4410 in
909 4350 1019 4411 dioccm‘
1037 4349 1128 4410 ordine
1153 4347 1271 4430 scamno
1280 4344 1355 4422 foll·
