2958 4918
491 281 539 352 IN
558 283 710 354 comm
731 287 816 357 GAP.
843 287 873 354 1:
1156 291 1228 364 133

118 447 194 510 divit
220 450 447 532 protonotarium
473 467 537 510 esse
563 447 712 533 θνριορόν
740 472 792 514 seu
816 451 982 516 ostiarium?
1012 446 1099 535 θιῖρα
1130 456 1227 536 igitur,

119 535 177 594 hoc
199 540 245 594 est
266 539 369 614 ιάτιαα,
400 537 561 596 nominatur
582 556 641 596 non
659 539 737 615 quod
758 541 797 600 sit
818 545 919 601 ianitor
944 559 995 598 seu
1018 539 1226 620 maurannus,

29 677 34 684 s
118 622 175 679 sed
201 620 268 697 quia
293 627 338 680 est
363 622 504 701 proximus
533 620 569 680 ab
594 625 803 684 exaratocoelis.
843 645 895 686 nee
921 624 1067 700 estquod
1091 625 1227 688 Iuniusa
1281 615 1286 633 ⁴

119 705 261 766 Ianisan'r
292 705 447 766 subsidium
471 712 564 785 petat:
596 707 642 766 ulii
662 709 736 767 enim
759 729 862 769 nomen
881 711 935 770 hoc
954 729 1013 768 nun
1031 728 1049 766 a
1066 712 1150 769 ιἰιιιαα
1173 714 1225 772 sed

118 792 167 934 apl
185 790 249 933 alia,i
265 790 351 935 lpnge
374 793 485 852 diverso
507 791 643 853 vocabulo
669 791 829 875 deducunt,
854 801 888 856 ut
917 795 948 855 in
971 794 1115 854 Paudecte
1137 795 1224 858 Turc.

118 895 147 934 vr
169 895 216 933 ere
251 894 304 940 oe.

145 1013 148 1018 -
204 973 280 1038 Illud
305 977 420 1057 insuper
453 977 588 1040 festivum
612 983 672 1057 est,
703 997 766 1038 cum
800 978 841 1038 ait
870 982 1051 1060 protonotarii
1076 979 1166 1059 suum
1192 988 1225 1042 nt

119 1079 190 1142 puae
219 1060 294 1141 soris
325 1082 345 1122 a
383 1063 526 1124 autumatis
550 1063 594 1123 uel
612 1083 661 1142 per
692 1064 839 1124 cataractas
861 1065 901 1124 ad
919 1059 1104 1143 patriarchum
1128 1065 1226 1142 affere-

117 1151 238 1222 bantur,
275 1167 308 1206 ea
338 1149 477 1226 acciperet.
520 1165 579 1225 quo
604 1153 718 1208 auctore
742 1148 798 1208 hoc
836 1147 980 1210 affinnast
1021 1168 1087 1208 nam
1119 1151 1224 1210 dicenti

118 1233 260 1290 duntaxat
283 1232 308 1292 si
337 1233 529 1312 crederemus,
562 1235 657 1293 omnia
685 1235 873 1310 crederemus,
908 1236 992 1294 etiam
1019 1240 1118 1313 aperte
1143 1236 1223 1295 falsa.

115 1320 295 1396 protonotarii
316 1317 371 1376 fuit
394 1336 493 1376 curare
512 1321 647 1398 pittacia,
675 1324 709 1378 ut
731 1319 825 1396 inquit
846 1319 982 1379 Codinus.
1020 1323 1157 1398 pittacia,
1182 1321 1223 1382 ait

118 1401 251 1462 Cuiacius
269 1403 306 1466 ad
329 1403 374 1462 ua
396 1407 438 1466 37
457 1402 506 1464 lib.
527 1407 567 1468 12
584 1405 647 1468 eud⁴
669 1403 848 1483 Iustinianei,
883 1412 945 1465 rant
972 1409 1088 1464 raama
1108 1410 1134 1464 et
1153 1425 1222 1464 com·

117 1490 246 1548 montorii
271 1505 437 1548 annonarum
465 1487 633 1550 militarium.
674 1489 761 1549 eodem
790 1493 892 1551 nomme
922 1491 1113 1568 sigar'fimntur
1140 1493 1222 1550 etiam
1290 1492 1295 1504 ¹

116 1573 262 1650 epistolae,
285 1573 393 1648 album,
422 1576 542 1634 marta.
584 1574 625 1634 ita
640 1573 670 1632 in
684 1574 744 1633 iure
763 1574 849 1633 civili:
880 1573 926 1634 hic
946 1575 1076 1635 militares
1100 1593 1223 1636 annom
1253 1591 1257 1597 '

115 1657 210 1718 locum
230 1677 289 1721 nou
306 1657 422 1721 habent.
461 1663 507 1718 est
525 1677 597 1736 ergo
611 1651 768 1722 πιττάκιον
784 1659 897 1741 proprie
915 1660 994 1736 quod
1010 1678 1063 1718 nos
1079 1677 1222 1737 vocamus,

117 1741 303 1802 emissiastiea
320 1745 524 1803 consuetudine
542 1750 574 1802 et
590 1743 796 1824 appellatione,
819 1746 896 1804 breue
915 1745 996 1820 (hinc
1009 1745 1084 1804 breue
1104 1745 1226 1823 aposto-'
1250 1751 1252 1760 ’

117 1827 217 1906 licum,
238 1834 269 1890 et
288 1827 485 1888 Germanicum
505 1828 578 1906 brief
590 1849 643 1907 pro
666 1829 801 1910 epistola,
820 1835 850 1888 et
872 1830 902 1889 in
922 1828 1078 1888 Annalibus
1101 1826 1220 1889 Latino-

117 1913 251 1974 Barbaris
270 1913 453 1990 brevigerulus
468 1915 512 1972 cair
530 1913 710 1994 mastruga,
729 1933 780 1974 seu
799 1914 960 1974 nauatam
980 1932 1030 1973 seu
1050 1915 1221 1989 breviarium,

117 1999 194 2058 unde
216 1998 350 2057 Germani
369 2017 451 2060 suum
470 2001 570 2058 brcoier
585 2000 758 2077 formarunt,
780 2020 833 2077 pro
853 1998 924 2059 libro
941 1998 1221 2076 sacerdotalierquo

40 2147 52 2169 ‚
118 2084 206 2145 horae
228 2085 377 2143 canonicae
394 2084 599 2171 persolvuntur.
641 2086 761 2144 occurrit
775 2085 846 2143 haec
865 2104 920 2144 vox
937 2086 1012 2144 meae
1027 2083 1176 2160 aliquoties
1189 2084 1220 2142 iu

116 2169 228 2246 legibus
251 2168 392 2228 Francicis
416 2174 446 2228 et
468 2170 498 2228 in
516 2169 634 2247 Synodo
651 2170 790 2229 Meldensi
806 2189 866 2230 can.
887 2170 916 2235 4.
936 2169 1125 2228 Glossarium:
1152 2191 1221 2231 πιτ-

116 2249 226 2318 τάκιον
241 2257 402 2335 pittacium,
420 2255 515 2314 uaris.
557 2253 643 2312 Anna
656 2255 686 2313 in
703 2253 838 2314 Alexiade
855 2274 923 2314 sua:
945 2253 998 2316 nui
1011 2250 1048 2315 roi
1063 2255 1165 2334 βιβλία
1176 2253 1221 2327 εἰς

118 2338 213 2422 μέσον
231 2342 398 2421 τηνικαῦτα
419 2338 618 2421 apocalama·
639 2341 746 2422 βριβία
760 2345 854 2401 ταῦτα
870 2338 893 2420 ἡ
913 2335 1065 2416 συνήθεια
1081 2335 1145 2401 οἶδε
1163 2361 1221 2400 κα·

118 2433 199 2501 λεῖν,
223 2423 256 2489 ἐν
277 2420 324 2499 οἷς
345 2417 551 2507 α’νιὶμριίφεται
567 2419 604 2484 roi
627 2421 661 2486 lu
687 2419 802 2507 ἑκάστῳ
830 2421 946 2501 τεμένει
972 2420 1046 2486 ὄντα
1071 2416 1219 2502 κειμήλια.

116 2511 187 2572 haec
202 2512 312 2570 notavit
328 2509 464 2568 Pithoeus
483 2510 523 2567 ad
536 2508 614 2586 leges
633 2507 792 2569 Francicus.
831 2509 992 2568 huiusmodi
1007 2527 1076 2586 ergo
1098 2507 1220 2566 manibus

116 2593 295 2656 conficiendis
310 2600 440 2675 praeerat
458 2593 686 2674 protonotarius,
703 2601 733 2654 et
752 2600 850 2674 posset
868 2595 943 2652 forte
961 2587 979 2655 ὃ
998 2592 1040 2666 εἰς
1060 2587 1098 2654 rei
1114 2586 1220 2654 πιττά-

117 2705 170 2745 ιιια
191 2683 276 2743 unico
299 2687 330 2740 et
356 2681 509 2740 etiamnum
534 2679 726 2744 ecclesiasticis
751 2679 940 2738 functionibus
956 2679 1061 2736 usitato
1082 2675 1220 2736 vocabulo

117 2769 173 2826 clici
190 2767 357 2826 abbreviator
378 2765 422 2825 rel
444 2766 539 2844 potius
553 2766 701 2836 breviatam
721 2784 780 2843 qua
797 2783 867 2824 voce
884 2765 974 2823 utitur
987 2765 1073 2823 etiam
1087 2761 1219 2821 Iustinia-

117 2872 172 2913 nns
195 2850 305 2912 Novell.
330 2849 400 2915 105.
442 2857 488 2909 est
513 2851 597 2908 etiam
621 2851 711 2925 breue,
736 2856 766 2909 et
792 2870 844 2929 per
867 2868 1042 2926 consequens
1063 2852 1220 2928 pittacium,

116 2941 315 3008 inventarium
341 2937 420 3012 quod
444 2935 481 2994 ab
508 2936 618 3016 Optato
636 2935 654 2996 l.
672 2940 688 3000 1
706 2941 823 2995 vocatur
838 2938 1108 2995 commemoratorium.
1149 2934 1218 2991 item
1235 2931 1256 2985 P
1279 2931 1330 2988 163

118 3025 218 3083 ὀπυίει
239 3023 340 3093 breuis,
356 3022 387 3080 id
402 3027 448 3079 est
463 3021 562 3098 index,
581 3024 645 3080 auri
661 3026 686 3078 et
704 3023 814 3098 argenti
832 3021 985 3080 &aciliano
1007 3019 1136 3096 traditur,
1163 3019 1220 3078 ad-

117 3108 211 3168 arbim
234 3108 354 3168 testibus.
396 3111 427 3165 et
446 3104 576 3164 absolute
598 3105 717 3164 indicem
737 3111 768 3164 et
785 3107 962 3164 summarium
977 3105 1017 3164 rei
1037 3104 1219 3183 comprehen-

116 3194 225 3253 sionem
243 3188 388 3270 significat.
430 3191 498 3250 inde
513 3190 543 3248 in
564 3189 674 3266 legibus
689 3191 829 3253 Francicis
845 3196 875 3250 et
890 3191 967 3270 apud
984 3189 1155 3249 Nithardum
1165 3189 1219 3248 Hi-

116 3285 186 3339 stor.
209 3277 227 3337 l.
248 3275 398 3340 ‹lverburn
413 3276 574 3350 inbreviare,
604 3274 658 3334 hoc
675 3279 720 3334 est
737 3276 843 3352 aliquid
865 3277 895 3333 in
918 3276 1004 3334 breve
1020 3293 1070 3332 seu
1090 3273 1218 3350 inuenta-

115 3365 189 3422 rium
208 3364 320 3422 referre.
362 3363 399 3420 de
426 3361 542 3439 pittacio
566 3359 630 3418 vide
652 3362 737 3420 etiam
759 3361 940 3420 Heribertmn
959 3359 1139 3419 Rosweidum
1165 3378 1218 3415 uo-

116 3455 208 3509 strum
225 3447 254 3506 in
272 3446 454 3506 Onomastico
472 3446 510 3504 ad
526 3443 607 3504 Vetas
621 3445 742 3523 patrum}
784 3446 912 3505 Zonaras
930 3446 960 3504 in
978 3445 1085 3504 concilii
1097 3443 1217 3503 Cartha-

116 3533 242 3613 ginensis
258 3534 403 3590 Canones:
425 3528 548 3612 βρέβιον
566 3525 591 3610 ἦ
612 3527 737 3612 ἐπιτομὴ
756 3528 868 3614 λέγεται
877 3529 933 3593 nul
944 3528 1093 3608 σύντομος
1102 3523 1216 3611 γραφή.

116 3621 230 3704 βρεβίιι
253 3613 312 3704 poia
335 3612 412 3679 nurui
431 3615 585 3690 Λατίνους
600 3611 636 3679 ια’
656 3614 769 3696 τέμνω,
790 3615 841 3678 καὶ
862 3615 1002 3698 prepare
1025 3613 1215 3695 ήσνντομ1α.

202 3757 232 3816 p·
246 3735 266 3800 4
279 3753 306 3796 u.
322 3733 370 3799 14.
391 3733 437 3793 De
449 3732 557 3811 origine
570 3733 646 3792 vocis
657 3727 814 3798 πιττάκιον
825 3733 895 3793 haec
910 3731 1126 3812 Moschopulus:
1143 3751 1215 3791 ner·

115 3816 205 3886 τῦιιια
213 3823 357 3903 Δωρικῶς
369 3815 407 3882 τὰ
420 3814 512 3884 λεπτὰ
527 3815 736 3904 περιτμήματα
747 3823 808 3883 τῶν
819 3820 995 3902 δερματίαν,
1009 3809 1109 3896 α’φόὖ
1127 3811 1215 3896 ἡμεῖς

114 3902 255 3972 mnrium
271 3905 403 3988 λέγομεν.

184 4019 369 4090 Moschopulus
380 4013 511 4074 πιτνῦιιια
520 4016 616 4071 Dorice
630 4018 787 4089 pronuntiat,
808 4021 836 4072 et
846 4019 1008 4073 membranas
1016 4013 1071 4068 sire
1081 4009 1215 4083 pelliceam

115 4092 231 4146 charum
242 4088 487 4176 sirepergumenum
497 4087 636 4157 signifieat.
667 4087 794 4141 incudem
808 4105 894 4172 ,sepau
913 4086 1002 4140 audies
1020 4081 1110 4151 vulgus
1127 4083 1213 4134 Grae-

106 4177 205 4214 λοοιιιιιι
222 4161 380 4228 λιμπρηνον
399 4157 495 4211 dicere.
536 4171 712 4226 nonnunquam
725 4164 811 4210 tamen
828 4159 945 4225 cleptoma
962 4153 1066 4208 tabulae
1086 4154 1162 4204 meuc
1174 4167 1217 4204 το-

116 4232 219 4283 dictito·
238 4229 334 4292 retert3
356 4233 460 4298 tumque
479 4225 612 4282 mamriam
630 4241 664 4280 uo
683 4225 879 4297 contempletur,
900 4223 949 4279 sed
971 4221 998 4274 in
1018 4219 1122 4293 seriptis
1131 4217 1220 4272 lentis-

115 4315 168 4370 que
178 4296 227 4353 tibi
237 4295 388 4352 sistendum
