2942 4916
504 315 551 384 IN
574 313 725 426 ⁴GODllll
750 313 835 382 ctl’.
858 314 910 386 V.¹
1176 315 1250 390 265

152 477 301 567 Βρετανοῖν
315 477 449 549 legendum
466 480 626 564 agnosceret
663 474 714 532 iam
736 477 785 563 sab
807 475 935 560 Michaele
950 473 1115 548 Paphlagoue
1131 481 1252 534 Graeco-

152 568 212 673 ill
226 543 764 685 iilialiilli„illegitimaibiil‘iii
775 546 1056 684 biinblinllt
1075 553 1252 674 bibisti:

153 690 214 758 gnlo
231 689 338 741 donatos
353 688 460 757 legimus
478 683 518 749 είς
533 685 754 755 παραχειμασίαν
770 680 802 740 ἔν
816 685 857 752 τῷ
881 685 985 753 aspare
1005 686 1061 738 τῶν
1086 687 1251 761 Θρᾳκησίων

154 753 382 826 διεσπαρμένων.
416 751 580 812 ολκύλοοθον
604 772 689 808 eorum
716 755 804 808 ducem
821 754 1020 808 memoratidem
1036 755 1062 808 iu
1080 756 1251 824 Copstantino

154 827 338 892 Monomacho,
356 825 399 879 ubi
416 842 432 878 a
448 826 556 878 Francis
574 841 620 879 eos
635 841 738 878 nurnero
755 823 901 892 distinguit,
925 823 986 877 licet
1002 825 1117 892 utrisque
1131 823 1250 882 ολκύλαιι-

154 897 212 950 θον
237 896 341 949 eundem
386 895 516 948 raeficiat:
541 889 557 948 d
584 888 693 966 βασιλεύ
731 887 783 947 τὸν
807 887 968 964 ἀκόλουθον
984 893 1099 980 Μιχαὴλ
1114 913 1251 966 μεταπεμ-

154 957 324 1036 φύμενοςιύς
337 914 459 1036 Ἰβηρίαν
476 957 623 1031 ἐκπέμπει,
639 955 671 1023 ἃς
687 911 748 1017 inec*
760 959 907 1032 γενόμενος
928 959 976 1017 κοιλ
997 981 1063 1027 τοις
1085 961 1251 1034 διεσπαρμέ-

155 1051 223 1095 νονς
240 1026 270 1087 ἒν
286 1034 322 1104 τῇ
334 1032 443 1107 Χαλδίρι
459 1030 508 1086 καὶ
521 1028 628 1104 Ἰβηρίᾳ
648 1027 792 1101 Φρύρμονς
805 1028 852 1086 καὶ
869 1027 1031 1101 Βαρύμηοιις
1054 1029 1155 1105 ύγοὶμη.
1191 1035 1251 1090 exin

157 1103 252 1156 Franci
276 1105 324 1156 sub
348 1102 438 1156 eodem
463 1101 559 1156 vexillo
585 1115 639 1154 cun
664 1100 791 1168 Barangis
807 1101 943 1155 militantes
959 1118 990 1154 ac
1008 1102 1101 1156 eisdem
1119 1104 1193 1156 armis
1211 1107 1253 1157 in·

155 1172 248 1227 structi
264 1171 333 1224 inter
349 1172 400 1224 liar
451 1189 479 1226 os
495 1170 615 1224 recensiti
630 1187 709 1242 penes
725 1171 843 1223 Nicetarn
861 1172 887 1224 in
902 1170 991 1224 Alexio
1006 1174 1036 1226 λι
1052 1171 1100 1226 καλ
1112 1170 1254 1242 μνωοθέντ

156 1259 201 1304 τες
220 1235 300 1307 παρά
323 1187 512 1303 cancellans
536 1235 725 1309 φολιὶσοοντος
748 1233 860 1310 (μένοις
885 1229 968 1306 οὗτος
990 1241 1043 1296 τού
1058 1239 1251 1314 πελεκοφόρον

155 1307 564 1384 Κελτικοῦσνλλαμβύνοντοιι.
1033 1339 1038 1353 =

238 1426 276 1484 ab.
290 1442 317 1483 v.
331 1423 360 1488 5.
381 1425 463 1486 cellae
477 1441 670 1503 pononomeu
682 1423 754 1483 adeo
765 1422 965 1483 recentioribus
979 1423 1095 1486 Graecis
1111 1427 1204 1486 arrisit
1219 1433 1253 1488 ut

156 1510 186 1566 id
210 1510 351 1569 etiamad
370 1511 547 1592 imperatoris
568 1509 696 1571 conclave
715 1509 907 1591 traduxerint,
927 1517 961 1572 ut
979 1512 1075 1573 videre
1095 1519 1141 1573 est
1157 1514 1201 1574 bic
1222 1520 1253 1576 et

156 1595 223 1654 alibi
238 1596 351 1674 saepius
365 1599 443 1677 apud
459 1596 607 1656 Codiuum.

223 1717 287 1771 ibid.
313 1717 433 1771 excubias
455 1720 562 1786 agentes
582 1714 695 1784 Barangi
719 1713 753 1768 ad
770 1716 836 1770 sacri
854 1717 962 1771 cubiculi
980 1719 1049 1774 iores
1066 1720 1182 1790 vigilant.
1209 1738 1254 1776 eos

155 1785 216 1839 inde
240 1785 336 1856 repulit
356 1786 532 1851 Andronicus,
555 1791 584 1838 ut
606 1786 715 1838 molosso
741 1785 781 1838 cni
806 1785 952 1840 confidebat
970 1789 1084 1858 corporis
1102 1792 1256 1861 praesidium

156 1855 330 1926 permitteret:
354 1852 385 1908 oi
403 1851 455 1942 μὲν
476 1849 530 1923 γὰρ
554 1850 798 1924 σωματοφύλακες,
822 1855 858 1908 ait
875 1854 983 1909 Nicetes
1000 1857 1027 1910 in
1046 1858 1101 1912 eius
1117 1860 1174 1911 vita
1191 1861 1255 1926 li,

155 1922 203 1976 sol
222 1918 380 1992 δορυφόροι
397 1918 510 1979 αποθέν
527 1939 583 1977 πον
600 1924 651 1977 τού
676 1923 818 1995 βασιλικοῦ
839 1924 972 1987 κοιτῶνος
992 1923 1094 1989 νοκτός
1114 1946 1167 1981 κατ
1187 1925 1257 1982 ονύ-
1299 1970 1306 1980 .

157 1993 258 2061 ζοντο,
282 1988 297 2045 δ
324 1988 356 2046 δέ
378 2010 407 2062 με
424 1989 499 2047 κύων
516 1988 587 2063 πρὸς
602 1997 665 2056 ταῖς
681 1989 784 2058 θύραις
799 1988 920 2049 ἐδέδετο.
956 1996 1069 2048 excubiis
1083 1997 1185 2050 liberati
1202 2007 1258 2052 sta-

155 2061 250 2114 tionem
266 2061 323 2113 loco
340 2060 409 2115 dicto
426 2063 557 2117 Excedite
574 2062 606 2115 de
624 2069 721 2114 atatam
740 2063 883 2129 habebant,
910 2062 948 2116 ait
972 2065 1089 2119 Zonaras
1113 2066 1138 2119 in
1162 2067 1258 2122 Ioanne

156 2133 301 2190 comneno:
326 2125 357 2184 ολ
371 2127 511 2202 Βολραηηοι
526 2125 579 2200 τὴν
608 2151 625 2185 ν
642 2135 702 2193 τοῖς
715 2127 897 2204 Ἐξιιονβίτοο
914 2131 1088 2202 διειληφότες
1104 2129 1192 2205 ὀδόν,
1211 2133 1257 2190 ἔν·
1354 2129 1357 2136 ’

156 2201 252 2268 θαπερ
273 2193 384 2262 τούτοις
404 2197 454 2255 καὶ
478 2196 498 2270 ἡ
523 2201 687 2270 κατοίκησις.
723 2201 788 2256 unde
810 2201 920 2272 antiquis
944 2205 1133 2258 excubitoribus
1156 2206 1258 2260 vocatis

156 2268 292 2337 Barangos
308 2269 462 2323 successisse
478 2287 529 2323 nou
545 2269 713 2322 diffitendum.
748 2271 834 2324 claves
851 2272 949 2324 urbium
966 2273 1001 2325 ad
1023 2290 1088 2343 quas
1110 2273 1258 2328 divertebat

155 2338 460 2476 illittbl‘itllz
474 2355 541 2469 {itt
555 2337 1259 2481 lilillitliliitll·aiitiiilltiiiisl

156 2478 216 2544 μεῖν
238 2470 367 2540 (τούτοις
388 2471 442 2545 γὰρ
467 2471 537 2538 ἔθος
557 2471 594 2530 τὰ
610 2478 730 2545 κλεῖθρα
747 2478 802 2542 τῶν
819 2473 927 2532 πόλεων
944 2477 1020 2534 ἔνθα
1036 2471 1074 2532 dv
1090 2477 1255 2549 ἀποδημοίη
1364 2527 1369 2537 .

158 2540 285 2614 βασιλεύς
300 2539 436 2615 κατέχειν)
451 2541 552 2614 Stadios
568 2538 691 2600 ίκέλενσε
707 2543 911 2613 παραδιδόναι.
946 2564 992 2602 cur
1008 2565 1072 2602 vero
1088 2549 1202 2619 Barangi
1218 2549 1260 2604 di·

157 2621 277 2668 cerantur
294 2615 374 2684 Angli
389 2615 570 2684 excubitores,
588 2613 695 2668 daiam
712 2615 745 2668 ad
760 2616 943 2688 Curopslatam
958 2617 1026 2672 uotis
1043 2636 1070 2688 p.
1087 2617 1147 2674 808.

242 2759 271 2820 p.
283 2739 324 2801 31
337 2755 363 2799 ιι.
373 2743 403 2804 7.
430 2737 587 2797 stationarii
612 2736 725 2816 milites]
747 2739 937 2819 acceptumst,
964 2735 1046 2816 παρύ
1069 2735 1102 2804 sti
1121 2739 1258 2822 παραμέ-

159 2843 238 2899 νειν,
262 2823 340 2898 quasi
354 2823 541 2883 mansionarii.
560 2829 676 2882 vertunt
688 2829 783 2883 tamen
800 2826 876 2884 docti
891 2826 1086 2904 stationarios,
1108 2829 1173 2904 quia
1189 2829 1261 2888 haec

158 2927 214 2966 vox
227 2910 320 2986 aptius
335 2911 464 2988 exprimit
482 2910 512 2967 id
535 2910 611 2984 quod
634 2908 735 2968 milites
756 2910 795 2968 illi
815 2917 913 2988 erant,
935 2914 1019 2987 quam
1039 2912 1125 2971 dictio
1146 2919 1260 2972 mansio-

157 2996 260 3053 narius.
282 2994 317 3053 de
330 2995 452 3054 excubiis
470 2993 565 3072 palatii
580 2999 610 3053 et
626 2995 702 3053 urbis
726 2996 823 3055 itidem
842 2997 1009 3076 Cpolitanae
1028 2998 1150 3077 lepidam
1170 3000 1261 3058 histo-

158 3079 228 3137 riam
238 3081 360 3138 invenies
374 3081 450 3160 apud
463 3079 670 3161 Luitprandum
687 3080 864 3142 Ticinensem
876 3079 895 3143 l.
909 3087 925 3146 1
942 3102 1035 3144 rerum
1048 3103 1099 3165 per
1117 3083 1263 3166 Europam

158 3170 321 3244 gestarum,
338 3171 393 3230 αθ
408 3185 437 3228 ιι.
448 3163 477 3229 4.
694 3160 696 3168 ’

228 3288 291 3343 ibid.
321 3289 383 3342 festi
405 3285 582 3361 pervigilium,
605 3287 675 3360 quod
698 3288 869 3344 celebritatem
892 3283 1029 3360 παραμένΙ
1069 3298 1195 3362 moneat,
1220 3309 1264 3346 re-

160 3355 316 3411 centioribus
333 3365 374 3411 est
390 3353 549 3427 παραμονή.
583 3358 707 3412 satellites
726 3372 826 3430 quoque
848 3358 988 3430 principem
1011 3307 1106 3429 ultique
1129 3370 1264 3415 manentes

160 3433 188 3480 et
211 3433 407 3498 exspectantes,
431 3424 654 3498 venenivomae,
678 3434 705 3482 et
728 3445 786 3482 eam
808 3427 899 3483 adesso
921 3435 1067 3496 mouentes,
1090 3430 1264 3501 παραμονύν

160 3497 357 3568 appellationem
372 3504 528 3552 mernerunt.

228 3609 264 3662 ib.
281 3625 307 3661 v.
323 3609 350 3662 9.
368 3603 467 3676 cilone]
485 3606 553 3678 quod
567 3607 722 3661 irrbtionalc
736 3607 903 3677 quodcunque
920 3607 1097 3678 significabat,
1121 3623 1189 3664 nuno
1206 3610 1265 3677 eqni

159 3675 295 3746 speciatim
312 3683 353 3730 est
366 3677 488 3730 indicium
506 3671 625 3746 ἄλογον,
645 3682 675 3730 at
699 3678 767 3730 inter
783 3677 940 3731 irrationalia
957 3679 1183 3732 communissima.
1221 3677 1266 3730 ubi

161 3752 251 3800 auctor
268 3745 357 3799 λοιπον
374 3753 491 3800 correcte
507 3746 611 3818 scribit,
634 3745 751 3801 λοτλίοιιίι
772 3746 918 3802 diversitas-
933 3750 1083 3819 frequenter
1101 3743 1206 3818 ἄλογον
1222 3763 1266 3800 re-

160 3815 248 3885 posuit
259 3815 285 3868 in
302 3815 483 3886 superioribus.

231 3926 297 3982 ibid.
314 3919 448 3996 φέροντες
462 3920 514 3989 τὰς
530 3921 665 3996 saddoc]
678 3927 812 3996 Gregoras
829 3928 850 3983 l.
867 3930 899 3983 ile
922 3928 980 3983 τῶν
1003 3921 1037 3981 dl
1061 3922 1125 3992 περί
1153 3917 1267 3996 βασιλέα

160 3996 360 4064 πελεκοφόροι
377 3992 428 4050 καὶ
436 3997 611 4060 στρατιωτῶν
622 3993 671 4050 καὶ
682 3991 846 4065 ξιφηφόρων
859 3996 969 4052 καταδα
987 3993 1089 4052 θοίναν
1100 3991 1265 4064 μελλόντων.

162 4067 329 4132 στρατιῶται
357 4064 400 4118 bio
422 4064 593 4133 παραμοναί.
627 4070 703 4119 Anna
725 4066 856 4120 Comuena
881 4065 898 4120 l.
915 4069 934 4120 2
950 4015 986 4119 acl
1003 4071 1141 4119 extremam
1159 4064 1268 4117 calcems

162 4131 327 4202 σοναμαηοὸν
343 4127 409 4195 τούς
425 4127 474 4188 bel
493 4136 552 4187 τῶν
567 4129 650 4202 ύμων
665 4128 701 4188 τοὶ
726 4133 794 4204 ξίφη
815 4134 1030 4201 κραδαίνοντας.
1065 4133 1190 4188 satellites
1210 4132 1269 4185 illos

161 4203 288 4273 bioapulis
305 4203 425 4269 ensibus,
442 4203 537 4272 ineptis
555 4203 600 4275 qui
617 4204 649 4257 ad
665 4203 733 4258 latus
749 4205 941 4274 appendantur,
963 4203 1106 4274 exindeque
1122 4202 1153 4255 ad
1170 4217 1269 4256 manum

164 4277 193 4322 et
209 4287 288 4340 supra
305 4273 426 4326 humeros
438 4272 576 4340 gerendis,
600 4280 712 4327 armatos
728 4273 883 4345 putaierim.
917 4273 960 4338 id,
986 4273 1013 4325 ni
1029 4290 1072 4326 me
1087 4271 1156 4327 tellit
1172 4285 1270 4336 seusus,

165 4349 277 4408 arguunt
292 4349 396 4396 vetem
413 4340 554 4396 satellitum
571 4341 687 4412 picturae
704 4350 733 4396 et
748 4341 915 4398 auctoritates
930 4342 1031 4398 iamiam
1047 4342 1141 4397 lectae.
1195 4339 1198 4352 ¹
