2958 4918
454 323 502 393 IN
523 325 673 394 comm
700 327 784 395 GAP.
810 325 838 398 1.
1133 327 1205 402 157

95 493 163 574 quit
189 485 308 572 lanua·
335 488 414 552 cuias
438 491 525 552 etiam
548 489 656 552 Citrias
681 491 816 555 meminit.
836 488 934 554 lardus
957 489 988 552 in
1007 485 1095 552 ochoi.
1122 509 1204 556 carro

93 577 231 659 molor,
252 580 302 659 qui
321 577 465 638 aanom'lm
492 577 665 660 synodalibrtc
691 585 718 640 et
741 579 807 641 otta
831 578 949 657 legendis
969 579 1122 658 praefectura
1150 587 1208 652 eslf

94 667 176 726 arrius
190 665 232 726 rei
247 661 406 744 exemplum
420 663 542 724 habetur
555 684 579 724 c
596 667 617 728 6
633 669 665 724 et
684 665 733 730 15.
749 683 846 726 veram
865 666 897 725 in
912 663 1006 746 priore
1018 665 1084 724 loco
1097 681 1159 722 noa
1174 664 1209 722 fa

93 750 204 815 mentio
227 751 499 832 protocaaoaarehae,
527 751 581 810 scd
605 751 813 833 canonarchae,
837 751 886 828 qni
912 749 971 810 duo
985 751 1115 829 diversi,
1134 749 1209 809 sicut

93 834 310 918 protonotarius
323 839 354 894 et
369 836 504 895 notarius.
524 835 613 895 verba
636 835 741 896 Codini
757 858 787 916 p.
807 835 851 900 46
875 834 895 900 4
914 835 985 896 haec
1001 841 1083 896 sunt:
1105 835 1210 915 legitur

94 941 115 981 a
134 919 312 981 canonarcha
327 919 397 979 illud
414 919 635 1002 πολυχρόνιον,
655 921 811 982 diuturnum
831 920 928 1002 factat
941 922 1006 981 deor
1018 925 1138 982 sanatam
1158 923 1209 980 im·

89 1010 199 1088 perium
216 1012 292 1066 taam
311 1006 342 1068 ia
364 1005 462 1066 maltos
484 1027 584 1067 aanor:
611 1007 698 1084 idque
717 1007 804 1068 tertio
831 1006 923 1086 repeti
949 1007 1025 1067 dicit
1052 1011 1135 1066 estne
1161 1004 1208 1065 hic

93 1111 190 1152 sermo
217 1091 255 1151 de
272 1092 516 1172 protocaraonarcha
540 1111 578 1150 aa
601 1092 639 1150 de
658 1091 844 1153 carronarchai
868 1092 1007 1152 diciturne
1029 1093 1119 1172 ipsius
1145 1109 1210 1148 csse

94 1175 193 1256 legere
210 1183 274 1236 acta
290 1176 420 1256 spadica
437 1182 469 1235 ot
495 1176 550 1237 alia
566 1176 649 1236 huius
668 1176 801 1256 generisi
821 1183 904 1238 came
925 1178 1020 1237 fausta
1039 1177 1087 1237 illa
1105 1195 1209 1258 appre-

94 1263 172 1322 catIo
187 1261 342 1322 dictamum
349 1261 444 1342 saciat
459 1265 598 1342 imperinm
612 1269 689 1322 taam
703 1269 755 1323 eta
771 1281 862 1323 canon
878 1263 1042 1346 synodalis,
1059 1269 1095 1323 ut
1110 1261 1208 1321 Iunius

93 1345 246 1424 loquitur?
265 1345 456 1408 multominus
469 1345 500 1407 id
514 1348 636 1410 alteroa
652 1347 734 1408 Iunio
748 1351 835 1409 citato
851 1347 915 1408 loco
933 1367 962 1430 p.
980 1355 1024 1416 82
1044 1347 1065 1414 4
1085 1348 1209 1427 reperire

92 1433 180 1511 licet,
200 1431 250 1490 ubi
266 1431 374 1492 nullum
384 1433 502 1492 verbum
516 1453 569 1494 acc
582 1434 618 1493 de
634 1434 809 1494 canonarcha
822 1453 875 1494 nec
889 1435 926 1493 de
937 1434 1207 1513 protoanonarcha

92 1519 149 1578 sed
162 1517 260 1576 Iunius
277 1523 414 1596 tanquam
430 1538 530 1579 caecus
546 1521 576 1581 in
599 1519 644 1579 his
665 1520 913 1581 ecclesiasticanrm
929 1520 1106 1579 functionum
1121 1537 1207 1578 voca·

93 1603 171 1662 bulis
188 1603 355 1684 oberrabat,
372 1609 403 1663 et
425 1605 578 1664 dummodo
600 1605 707 1681 aliquid
726 1607 849 1685 diceret,
870 1605 952 1666 facile
968 1625 1001 1665 se
1024 1605 1205 1667 inventurum

93 1690 182 1750 fldem
202 1687 392 1750 arbitrabatur
406 1691 486 1772 apud
509 1689 573 1752 illos
597 1691 647 1769 qui
663 1697 777 1774 praeter
796 1691 993 1776 praedicantes
1010 1697 1042 1752 ct
1059 1691 1205 1752 ministros
1244 1693 1248 1698 “

91 1773 174 1834 verbi
188 1773 257 1836 nihil
269 1781 383 1836 norant.

184 1909 255 1980 Quis
266 1908 353 1988 igitur
363 1907 624 1988 praeamata,
638 1899 671 1970 ¹ct
684 1911 761 1972 uude
772 1909 827 1970 hoc
843 1909 970 1972 nomen?
984 1916 1109 1990 exponet
1122 1909 1205 1972 nobis

93 1993 153 2054 hoc
167 1994 310 2074 Zonaras,
332 1995 381 2070 qui
392 1995 423 2055 in
437 1996 644 2056 commentariis
662 2015 750 2076 super
765 2016 889 2056 canonas
905 1996 1093 2056 Anastasirros
1120 1995 1206 2056 Ioan-

93 2080 142 2142 nis
166 2079 335 2140 Damasceni
355 2081 397 2140 ita
415 2087 637 2142 commentatur:
663 2102 748 2142 canoa
769 2083 887 2160 dicitnr,
905 2086 971 2162 qaia
986 2084 1160 2162 praefinitam
1181 2087 1209 2140 ct

95 2185 188 2226 nocem
203 2167 261 2225 odie
275 2169 499 2245 circumscriptam
511 2167 590 2226 habet
600 2168 753 2246 periodum,
771 2175 805 2226 ut
818 2169 913 2227 videre
928 2174 973 2227 est
986 2167 1016 2226 in
1034 2167 1208 2228 Graecorum

93 2250 245 2312 ritualibus
256 2249 343 2312 libris.
364 2251 401 2311 ab
415 2251 459 2310 his
472 2252 559 2331 igitur
572 2253 726 2312 canonibus
741 2253 821 2332 apud
836 2253 960 2314 Graecos
976 2271 1097 2331 magnae
1109 2257 1209 2312 aucto-

93 2337 189 2396 sitatis
206 2342 237 2397 ct
247 2335 460 2398 existimationis
473 2339 737 2418 protocaaoaarcha,
761 2346 792 2396 et
812 2339 861 2414 qui
881 2339 936 2398 aab
958 2339 1006 2398 illo
1025 2345 1103 2419 crat,
1122 2357 1209 2398 coao-

94 2423 202 2482 ancia
217 2439 322 2481 nomen
333 2427 495 2482 traxerunt:
516 2424 643 2502 ipsorum
662 2425 736 2482 enim
760 2429 824 2481 erat
840 2441 964 2484 canonas
980 2425 1069 2501 istos,
1092 2423 1208 2502 quando

94 2508 127 2567 in
141 2507 257 2567 ecclesia
269 2507 438 2568 decantandi
451 2514 546 2587 erant,
562 2507 694 2567 inchoare
705 2513 736 2567 et
752 2509 867 2588 reliquis
888 2510 970 2588 quasi
985 2510 1103 2590 praeire.
1133 2507 1209 2586 hinc,

96 2599 128 2654 ct
143 2611 203 2653 non
216 2591 345 2673 aliunde,
358 2593 414 2654 hoc
427 2612 532 2654 nornen
546 2594 682 2671 originem
695 2595 781 2653 ducit
1195 2593 1198 2602 ‘

165 2725 262 2786 cande
283 2731 600 2801 bynnasiecclesiastious
621 2736 663 2787 ert
685 2731 787 2802 longior
810 2735 839 2786 et
859 2732 974 2818 pluribus
998 2733 1117 2804 tropariis
1146 2751 1208 2789 oon-

96 2803 179 2856 siuns.
210 2800 259 2885 pai
282 2818 347 2856 vero
364 2803 504 2856 canonibus
520 2802 661 2856 istiusmodi
678 2800 841 2856 concinendis
861 2801 1002 2890 incumbit,
1029 2799 1209 2888 apaopoipxop

94 2869 936 3008 tii‘l'tiizpll”i:b‘brlli.ib“a„imbibita
949 2869 1209 2997 addititiam

95 3008 213 3062 obtutum
233 3008 421 3077 expendendis,
444 3011 605 3063 canonarcba
622 3013 732 3081 troparii
751 3009 827 3063 auius
846 3017 973 3064 commata
993 3012 1132 3066 saaoesaim
1153 3012 1207 3066 alta

94 3077 273 3198 'inditi
292 3078 520 3202 ‘landabo
533 3079 1206 3204 bb‘imbibita‘leibnitii

96 3164 352 3284 istaaaovaoigsiv,
367 3167 496 3271 cannariis
507 3185 628 3271 videlicei
645 3166 864 3272 deiiotaiuornn
882 3165 990 3288 cingilla
1011 3222 1092 3273 verba
1111 3168 1204 3289 etqpe·

94 3285 508 3413 mmepbgrppfflentor
518 3287 552 3340 ob
568 3286 692 3342 librorum
709 3287 839 3342 derectum
856 3303 1016 3359 suggerere,
1036 3296 1064 3346 ct
1077 3307 1128 3359 quo
1141 3296 1204 3344 tono

183 3475 310 3548 Quartus
326 3483 373 3538 est
388 3476 527 3559 ἔξαρχος,
546 3477 692 3555 machaa,
709 3477 768 3540 dua
782 3477 905 3559 amdan,
925 3478 1019 3555 inquit
1042 3475 1159 3557 Iunius,
1179 3483 1207 3540 a

91 3581 203 3643 practer
213 3565 527 3624 minnnmmeocioioe
543 3567 574 3622 r'n
587 3564 738 3624 ordinanda
753 3565 917 3642 angolorum
927 3565 1071 3645 sanctione
1090 3573 1115 3625 et
1126 3567 1219 3624 mini-⁸

95 3651 184 3708 sterio.
206 3647 319 3708 fallitur.
340 3649 443 3708 rectius
457 3649 487 3707 in
499 3647 638 3728 Turcogr.
657 3648 706 3708 sol.
724 3653 786 3714 192
801 3651 936 3712 exarchus
954 3651 1063 3730 legatur
1074 3653 1209 3709 autoica·

95 3737 156 3792 rtur
173 3734 348 3812 patriarchae
365 3741 416 3795 aut
443 3736 636 3814 metropolitae,
659 3737 731 3793 a‘cut
752 3754 799 3794 nos
819 3736 939 3814 legatam
958 3735 1119 3816 apostolieae
1138 3733 1210 3792 redr‘r

95 3818 219 3880 dirimas.
246 3824 276 3879 et
297 3816 346 3878 fol.
368 3821 430 3884 293
451 3819 553 3878 dicitur
575 3817 710 3878 exarchos
731 3821 833 3880 missos
857 3823 896 3882 ad
912 3821 1099 3900 colligendum
1117 3817 1210 3878 subsi-

96 3905 177 3962 dium
197 3923 251 3983 pro
270 3904 423 3984 pendendo
443 3903 547 3966 Turcis
573 3904 698 3965 tributo:
726 3905 831 3966 habere
847 3909 933 3967 etiam
957 3909 1130 3987 potestatem
1153 3909 1210 3967 aori

96 3983 212 4070 cippario
224 3995 325 4052 ποιεῖν
346 3988 399 4052 nai
419 3982 593 4073 ἀφορίζειν,
608 3990 741 4071 patrandi
754 3993 840 4070 officio
860 3995 1037 4053 ecclesiastice
1058 3995 1084 4049 et
1103 4007 1209 4050 maora-

95 4075 273 4150 raanicandr',
295 4067 334 4137 δι’
350 4066 490 4156 εὐλόγους
508 4075 614 4150 αἰτίας.
632 4077 702 4136 item
719 4077 762 4135 ius
776 4077 941 4138 absolvendi
961 4075 1155 4157 poenitentem
1177 4081 1208 4135 et

95 4159 210 4218 adhoc
228 4159 351 4238 propriis
371 4157 476 4238 literis,
500 4179 571 4238 quas
593 4159 798 4243 συγχωρητικᾶ
824 4157 984 4245 γράμματα
1007 4159 1208 4239 appellabas

96 4243 259 4326 patriarcha
273 4245 458 4306 instaurantur.
479 4244 528 4306 fol.
539 4249 601 4310 219
616 4246 674 4307 duo
688 4249 869 4309 nominantur
882 4245 1081 4328 patriarchales
1094 4245 1206 4307 exarchi

96 4349 157 4390 nno
174 4337 206 4392 et
222 4331 323 4391 eodem
340 4336 487 4416 ternpore,
506 4331 557 4412 qui
578 4337 610 4398 et
632 4333 774 4400 interdurn
795 4335 911 4416 eparchi.
931 4333 1107 4395 demarcho
1126 4331 1207 4410 nihil,

1247 3781 1264 3814 ἢ
