3016 4906
415 255 417 262 ⁵
474 311 519 380 nu
543 309 797 394 conus-cnr.
820 308 904 382 nrt⁴
1154 313 1230 386 ers

133 477 221 558 aas,
240 477 361 540 senen
376 497 404 559 p.
423 464 508 555 sel,
528 476 667 540 inlocum
688 477 783 540 mon
802 475 981 540 assensus.
1000 477 1139 557 syriam
1161 497 1234 556 quo-

105 575 110 586 ·
134 583 190 642 que
203 564 365 641 designatus
380 567 425 622 est
440 562 672 644 Theoplrylactus
689 563 811 624 Romani
829 561 971 644 Lecapeni
990 565 1062 624 filius
1080 585 1098 626 a
1114 563 1234 626 Nicolao
1271 579 1273 584 '

134 650 310 728 patriarcha,
331 649 385 708 etsi
400 649 425 708 ei
447 667 504 708 non
517 651 668 730 successit,
691 653 743 709 sed
763 649 925 730 Stephanus
942 649 1234 729 Amaseaemetropo-

131 733 199 813 lita,
222 733 306 796 Cedr.
322 733 351 793 in
371 733 438 814 imp.
459 731 541 793 Rom.
556 733 624 795 Lac.
638 757 667 816 p.
681 736 751 800 624.
773 736 809 794 de
824 734 930 794 Ioanne
950 735 1073 813 syncello
1093 735 1156 814 lege
1175 735 1235 796 Ζο-

131 837 230 879 naram
250 818 279 878 in
296 819 413 898 imperio
433 817 599 899 Theophili,
619 827 654 880 ut
676 827 707 879 et
726 821 763 879 de
777 819 913 880 Michaele
926 821 1053 899 syncello
1067 821 1236 884 cedrenum.
1267 825 1273 840 ‘

131 904 207 962 idern
227 905 373 964 Cedrenus
392 905 562 964 mentionem
583 907 655 988 iacitv
674 906 873 986 protosyncelli
899 907 930 965 in
952 907 1069 985 imperio
1092 906 1238 966 Michaelis

132 989 304 1070 Stratiotici,
324 991 450 1068 satisque
463 991 569 1050 indicat
580 1010 643 1054 eam
656 989 693 1050 de
706 1010 764 1068 qua
777 991 816 1050 ibi
828 991 954 1068 loquitur
967 993 1136 1069 dignitatem
1149 993 1237 1050 fuisse

131 1073 291 1154 politicam,
311 1093 370 1134 non
383 1075 614 1156 ecclesiasticam,
635 1095 699 1137 cum
711 1077 788 1137 dicat
801 1096 889 1156 penes
903 1077 981 1137 illurn
1000 1078 1086 1138 fuisse
1104 1077 1238 1156 reipubli-

131 1179 181 1219 cae
195 1161 433 1222 administrandae
447 1181 550 1222 curam.
567 1166 612 1225 coi
623 1161 873 1248 ποωτοονγκέλλῳ
887 1161 1008 1242 Λέοντι,
1027 1162 1131 1243 inquit,
1144 1171 1236 1246 sepos-

588 1225 598 1248 Ι

132 1239 274 1322 stridores
286 1240 323 1310 ni
337 1242 427 1310 κοινδ
437 1249 603 1312 διοικοῦντι
614 1253 659 1334 τῷ
669 1245 746 1312 τότε.

216 1345 271 1405 Est
284 1353 380 1408 autem
395 1347 534 1426 syncellus
548 1349 628 1426 quasi
650 1347 775 1408 eiusdem
790 1347 875 1408 cellae
889 1366 1021 1428 consors,
1036 1353 1072 1430 ⁸et
1084 1352 1236 1427 protosyn-

131 1430 218 1492 cellus
230 1433 336 1511 primns
349 1435 423 1493 inter
436 1433 521 1494 cellae
543 1439 696 1495 consortes.
716 1453 761 1494 res
777 1436 893 1496 tandem
914 1435 945 1494 in
967 1435 1114 1512 dignitatis
1132 1453 1236 1494 nomen

131 1517 217 1594 abiit,
239 1520 332 1594 utqui
346 1537 399 1578 nee
412 1516 580 1604 odynnscnor
599 1538 652 1579 nec
673 1513 827 1600 σδγιιελλοι
844 1526 956 1598 essent,
977 1521 1048 1580 tales
1068 1525 1163 1579 tamen
1181 1537 1236 1596 ap-

130 1601 311 1682 pellarentur.
331 1605 405 1664 sicut
426 1603 511 1665 hodie
531 1603 612 1665 multi
634 1605 741 1665 hebent
755 1623 819 1664 curn
831 1601 943 1665 titulum
956 1610 990 1664 ut
1004 1610 1139 1664 vocentur
1151 1604 1181 1662 S.
1196 1601 1235 1663 D.

131 1688 170 1748 Ν.
185 1687 334 1760 domestici,
354 1691 396 1748 ita
411 1695 441 1747 et
456 1689 571 1770 syncelli
584 1689 806 1768 patriarcharum
820 1679 941 1748 'tandem
960 1690 1108 1748 evaserunt
1127 1689 1166 1748 illi
1184 1687 1235 1763 qui

131 1775 207 1831 sorte
216 1791 362 1849 nunquam
373 1775 404 1832 in
413 1774 582 1852 patriarchio
595 1773 799 1834 habitaverant.
811 1773 875 1831 lruic
889 1779 989 1854 postea
999 1774 1131 1850 dignitati
1146 1791 1235 1850 agna-v

132 1863 193 1916 tum
208 1862 253 1915 est
265 1861 399 1937 πρῶτος,
421 1853 696 1941 πρωτοσδγιιεδλος,
718 1876 752 1917 ex
772 1856 856 1917 solita
869 1859 998 1916 nimirum
1010 1859 1235 1931 ambitioneque

132 1941 269 2020 simplicia
288 1941 424 2002 vocabula
447 1947 505 2006 τον”
525 1936 649 2025 πρώτον
671 1943 826 2002 convestire
851 1942 951 2002 solent.
981 1943 1146 2002 invenerant
1169 1941 1237 2000 olim

133 2026 236 2084 Graeci
249 2025 361 2086 titulum
373 2028 537 2089 nobilissimi.
555 2047 601 2088 res
614 2029 659 2088 hic
673 2047 733 2086 non
745 2027 841 2107 stetit,
862 2027 977 2086 ambitio
990 2027 1238 2108 πρωτονοοβελδσ-

133 2132 221 2189 σιμος
234 2130 296 2171 esse
308 2112 404 2172 voluit
425 2132 478 2172 nec
492 2113 554 2190 lric,
571 2115 698 2189 quamvis
711 2115 741 2172 in
754 2113 840 2190 longo
854 2112 982 2190 nomine,
996 2111 1074 2171 tium:
1096 2117 1129 2170 ut
1143 2111 1238 2193 placet

132 2197 186 2256 tibi
207 2197 253 2255 ille
272 2197 303 2256 in
327 2195 392 2256 lure
417 2197 670 2259 Graeco-Romano
690 2193 748 2258 nd
770 2192 906 2275 Νικήτος
924 2197 1237 2280 πρωτονοιβεδισοιμο-

132 2280 316 2362 ι’)’ττὲρτοιτοςδ
338 2282 421 2358 quale
441 2289 597 2342 monstrum
614 2283 702 2342 tituli!
723 2288 804 2341 erant
819 2282 935 2341 Graecis
956 2274 1117 2362 πρόεδροιτ
1137 2281 1237 2346 titulus

132 2369 187 2425 iste
207 2367 353 2444 augendus
373 2368 428 2425 fuit
455 2368 628 2447 praescripto
651 2365 786 2426 vocabulo
816 2361 954 2448 προδτον,
981 2361 1237 2446 πρωτοπρόεδροτ,
1320 2381 1323 2389 “

133 2453 212 2528 quod
220 2453 250 2511 in
265 2451 329 2510 Iure
340 2451 595 2512 Graeco-Romano
607 2452 714 2532 passim
727 2448 839 2511 obvium
852 2456 903 2510 est.
922 2450 976 2510 etsi
990 2457 1083 2516 autem
1098 2451 1238 2530 scriptura

131 2537 180 2596 illa
200 2535 342 2619 σύγγελος
359 2543 389 2595 et
409 2533 650 2618 πρωτοσύγγελος
672 2537 750 2615 apud
772 2535 921 2595 nonnullos
942 2537 1094 2615 scriptores
1115 2536 1240 2613 reperia-

132 2629 197 2699 tur,
217 2641 277 2680 non
290 2621 389 2680 dubito
404 2627 504 2692 tamen,
511 2623 641 2682 vitiosam
653 2640 733 2700 esse,
754 2639 972 2699 germanamque
984 2621 1060 2680 illam
1078 2615 1239 2701 ου’γνελλος

131 2712 164 2767 et
177 2699 457 2788 πρωτοσδγιιελλος,
479 2708 545 2785 quie
560 2706 665 2767 clarum
676 2713 730 2788 ¹est
749 2726 767 2766 a
787 2707 917 2782 concello,
936 2705 990 2765 hoc
1014 2710 1058 2763 est
1078 2705 1114 2763 ab
1139 2707 1238 2764 eadem
1298 2753 1301 2759 .

133 2792 222 2866 cello,
238 2810 342 2853 nomen
356 2789 533 2854 descendere.
554 2791 620 2854 hinc
631 2791 796 2854 Wilhelmus
811 2789 916 2868 Tyrius
933 2789 973 2854 14
990 2795 1030 2854 12
1050 2790 1174 2850 concellcc
1186 2809 1238 2848 no·
1347 2834 1349 2838 .

132 2878 231 2936 minat.
272 2876 419 2956 Ennodius
441 2878 459 2939 l
481 2880 499 2943 1
519 2879 602 2957 epist.
619 2876 639 2942 5
660 2882 743 2936 vocat
763 2876 922 2953 cellnlonos,
943 2881 974 2936 et
995 2876 1073 2952 quod
1098 2875 1238 2936 Graecum
1293 2911 1299 2928 .

132 2963 224 3039 magis
244 2964 389 3041 exprimit,
402 2964 594 3023 'concellanecc
621 2962 782 3023 Heraclius
803 2963 974 3040 imperator,
995 2953 1032 3020 ut'
1052 2966 1097 3019 est
1117 2961 1147 3018 in
1167 2979 1240 3037 qua-

133 3052 201 3108 dam
214 3047 273 3106 eius
288 3050 504 3127 constitutione,
523 3068 597 3125 quae
610 3053 703 3108 exstat
727 3047 745 3106 l
767 3044 789 3109 2
808 3046 880 3106 Iuris
904 3045 1162 3123 Graeco-Romani,
1186 3064 1239 3102 nu-

133 3151 240 3193 merum
261 3136 433 3212 syncellornrn
453 3136 492 3194 ad
514 3136 586 3193 duos
606 3133 723 3212 redegit.
753 3133 852 3191 mirum
871 3150 938 3191 vero
961 3132 1101 3190 Codinum
1127 3129 1241 3207 syncelli
1311 3185 1312 3190 ,

133 3237 186 3276 seu
199 3220 370 3294 cypsellorum
382 3221 553 3280 mentionem
566 3219 670 3279 nullam
683 3217 797 3296 secisse,
819 3219 886 3276 dum
899 3216 1059 3293 catalogum
1080 3213 1237 3274 officialium

133 3320 256 3378 magnae
268 3303 399 3362 ecclesiae
414 3311 537 3383 tereret,
558 3307 611 3364 nisi
629 3305 692 3383 quis
714 3304 791 3364 dicat
813 3301 998 3379 syncellorum
1019 3301 1237 3381 appellationem

134 3402 193 3448 non
207 3387 290 3446 officii
301 3388 354 3446 sed
366 3389 511 3465 dignitatis
523 3391 617 3451 fuisse.

204 3502 267 3556 ibid.
302 3501 347 3572 qui
357 3501 453 3572 primus
465 3501 573 3557 omniurn
590 3498 735 3572 σύγκοιτος
757 3499 862 3553 acideo
881 3497 1003 3569 temporis
1019 3497 1108 3552 ordine
1125 3512 1235 3564 crpore·

135 3567 279 3641 criynslicc
288 3571 396 3640 legitur,
415 3570 466 3624 fuit
475 3571 623 3630 Anastasius
635 3571 679 3624 ille
695 3569 847 3640 presbyter,
864 3569 907 3624 cui
924 3570 1053 3621 referente
1066 3567 1236 3634 Theophane,

136 3658 213 3710 quem
236 3645 391 3712 conceperat
412 3639 445 3693 de
466 3639 519 3692 fide
540 3655 687 3710 perversam
709 3637 876 3704 sententiam,
898 3637 999 3707 publice
1021 3633 1236 3706 pronuntiandam

135 3712 162 3764 in
185 3709 309 3796 epolesiae
328 3716 454 3764 conventu
471 3708 541 3762 dedit
564 3706 716 3762 Nestorius:
739 3699 846 3828 ipsi-low
862 3705 926 3770 περὶ
942 3706 1058 3766 πίστεως
1079 3695 1237 3784 ἐκδέδωκεν

135 3780 176 3850 τῷ
195 3778 298 3832 εαυτοῦ
313 3773 459 3847 σννκέλλῇο.
476 3778 518 3832 bic
528 3787 617 3831 sutem
632 3792 689 3829 cum
707 3776 754 3830 sub
780 3784 807 3829 tc
825 3795 840 3830 e
856 3775 923 3830 viris
934 3773 1057 3828 Nestoriu
1074 3771 1236 3842 patrrarchae

135 3850 284 3918 dignitatem
303 3864 354 3900 non
378 3847 525 3916 exceperit,
547 3846 609 3899 nibil
634 3845 704 3914 aliud
724 3862 755 3898 eo
779 3844 883 3899 vivente
899 3844 1008 3914 adeptus
1025 3858 1100 3911 quarn
1118 3846 1148 3892 ut
1167 3846 1238 3892 esset

136 3918 269 3972 convictus
292 3915 347 3969 eius
365 3917 508 3986 particeps,
521 3916 618 3969 ,domus
643 3915 772 3984 cellaeque
788 3931 909 3977 consors,
932 3912 1032 3965 animae
1051 3911 1127 3964 rebus
1145 3908 1172 3960 in
1187 3909 1236 3960 du-

136 3989 185 4041 biis
202 3987 329 4052 director,
345 3985 371 4038 iu
395 3985 479 4037 arduis
504 3983 675 4049 consiliarius,
691 3983 718 4036 in
742 3983 847 4038 secretis
865 3981 999 4047 conscius,
1017 3997 1047 4032 ec
1066 3977 1188 4031 indivisus
1210 3977 1237 4032 in
1355 4003 1361 4015 ·

137 4057 268 4176 prosperis
279 4062 306 4108 et
319 4053 434 4108 adversis
444 4053 536 4108 socius.
554 4054 603 4107 boo
622 4053 729 4124 primum
745 4054 820 4123 prirni
837 4051 879 4123 qui
892 4048 989 4132 legitur
1007 4049 1237 4132 syncellinnrunun

156 4143 201 4178 aec
212 4130 241 4178 ut
251 4142 313 4177 vera
324 4123 430 4176 nominis
441 4123 568 4192 expositio
578 4165 586 4192 ,
602 4122 640 4174 ita
651 4123 748 4192 pariter
760 4120 838 4174 cilicii
856 4120 914 4172 finus
931 4125 958 4170 et
973 4125 1085 4186 eognrtrc
1105 4133 1239 4168 srncerror.

139 4195 268 4280 Euagrius
283 4193 316 4246 de
325 4193 381 4262 ipsc
392 4192 505 4260 syncello
518 4193 535 4245 6
551 4195 583 4246 2ο
603 4193 655 4244 τοῦ
671 4189 824 4256 Νεττορίον
834 4182 979 4272 ,διάπυρος
994 4181 1126 4253 ἐραστής,
1141 4179 1172 4246 iic
1188 4181 1237 4238 nal

138 4258 310 4332 σονειιδημός
325 4257 355 4315 oi
370 4257 482 4329 γέγονεν
499 4255 569 4329 πρὸς
585 4255 637 4328 τὴν
655 4255 771 4314 intonen
781 4253 808 4309 *n
825 4254 985 4322 απαίροντι.
1013 4255 1137 4308 Socrates
1153 4255 1171 4308 7
1186 4254 1235 4306 32:
1260 4288 1263 4291 ι

137 4334 225 4402 ocris
247 4327 325 4405 edroi
343 4325 516 4396 Ἀναοτοὶοιοσ
537 4326 735 4402 πρεσβύτερος,
782 4343 822 4397 μοι
847 4318 924 4402 αὐτῷ
952 4321 982 4380 ἐκ
1009 4325 1059 4394 τῆς
1076 4319 1236 4390 Ἀντιοχείας
