2942 4916
221 314 296 388 240
378 311 587 384 GRETSERI
600 311 655 380 En
670 309 803 380 eoum
816 304 1151 378 COMMENTARIUS

219 475 431 560 κονλωρίκιον
454 477 567 562 λαρίοη
592 472 734 560 λοίρικον
754 475 910 560 λονρίκιον
933 475 972 535 sit
990 474 1131 556 ipsissime
1150 471 1317 534 Latinorum

221 569 320 641 tonte,
341 563 425 624 latius
440 570 535 624 tamen
549 565 662 623 nomina
679 563 749 623 baec
768 563 813 622 hio
831 568 1019 640 usurpantur,
1040 560 1169 620 nimirum
1189 559 1318 620 absolute

219 673 273 732 pro
289 651 414 710 thorace:
435 669 528 727 neque
547 651 621 709 enim
634 647 779 708 verisimile
804 654 864 726 est,
884 647 1000 726 quaudo
1020 666 1149 725 proceres
1166 647 1196 704 in
1213 645 1319 725 palatio

219 734 391 814 temporibus
408 735 485 812 pacis
509 734 661 814 gestabant
682 735 834 816 epilorica,
860 733 942 800 simul
964 733 1049 792 etiam
1066 739 1195 812 gestasse
1211 732 1320 792 loricas.

220 823 343 882 Tzetzes
354 821 382 878 in
393 818 564 880 Hesiodum:
579 815 670 900 χινάν
680 818 732 881 καλ
742 825 841 900 φάρος
853 817 913 881 ἐστὶ
927 813 961 880 τά
975 816 1179 899 διεοχισμὲνον
1189 811 1321 898 ἱμάτιον,

220 904 404 985 ‹teutonem›
426 903 614 986 ἐνοιλάρικον.
634 904 683 974 ubi
699 905 778 964 vides
796 905 832 964 eb
851 904 904 964 hoc
922 908 1036 963 auctore
1055 904 1206 984 epilon‘cun
1227 903 1321 963 vocari

222 991 329 1054 vestem
340 990 502 1066 discissam3
524 989 613 1068 qualis
626 991 773 1050 Germanis
787 995 831 1050 est
844 994 887 1050 ein
899 990 992 1068 gotter.
1169 1035 1198 1064 ,,

289 1122 317 1176 p.
331 1104 366 1158 22
376 1119 405 1158 v.
417 1105 444 1160 5.
479 1099 597 1174 λάρικον
614 1108 642 1157 et
658 1103 787 1169 λωρίκιον
803 1105 885 1172 tertre
905 1109 960 1167 est,
979 1102 1093 1174 pesteris
1108 1105 1135 1156 et
1151 1101 1221 1156 dorsi
1238 1117 1323 1154 mme-

221 1180 288 1230 tura.
324 1173 382 1226 The
418 1175 511 1226 baness
542 1169 643 1244 ἔλαβον
673 1170 710 1228 τά
732 1173 847 1240 insoluta
870 1170 917 1227 καὶ
942 1168 993 1236 τάς
1019 1171 1134 1233 nunides
1161 1165 1254 1226 edesio
1274 1167 1324 1224 καλ

220 1239 316 1298 πάντα
334 1235 371 1296 τά
412 1259 510 1310 operm
544 1233 708 1308 lnstdpsnov
723 1245 882 1297 militarem
905 1259 947 1296 ονο
966 1249 1014 1308 est,
1031 1239 1202 1294 castrensibus
1217 1239 1326 1293 tesseris

222 1314 297 1366 iuxta
314 1321 410 1366 turmas
426 1312 540 1380 singulas
555 1311 770 1377 discriminantur,
794 1317 823 1364 ut
840 1313 932 1366 milltes
948 1311 1124 1365 internossent
1149 1310 1246 1373 duces,
1270 1311 1324 1364 Cn-

222 1398 305 1465 sopoe
321 1381 440 1462 d’urmes.
461 1379 551 1463 ermis
567 1381 756 1465 superinduituu
772 1381 848 1464 iuntu⁸
861 1387 983 1466 eternum²
1017 1379 1073 1433 Leo
1082 1380 1119 1501 lin
1136 1378 1253 1502 Tpeticip
1264 1395 1326 1430 con-

224 1458 279 1575 tt·
295 1449 1326 1591 {etttttbttttttt‘pttttt’ttttsttttttttttttttt

225 1589 322 1651 liberes
344 1603 376 1640 οο
394 1593 531 1670 propterea
552 1583 739 1656 διεσχιομίνον
760 1581 872 1656 ἱμάτιον
893 1596 972 1642 vocet
995 1587 1109 1640 Tsetnes
1132 1586 1159 1640 in
1175 1585 1325 1640 Hesiodum.

226 1655 351 1711 describit
366 1655 473 1708 Nicetes
489 1655 517 1707 in
535 1655 653 1708 Menuele
669 1656 687 1710 l.
704 1659 721 1711 6
737 1658 835 1726 regium
859 1657 1001 1711 huiusmodi
1025 1673 1129 1725 seguine
1151 1649 1328 1723 θεασάμενος

227 1720 261 1788 dl
279 1726 321 1777 Γα
342 1724 393 1791 ρᾶς
409 1718 446 1794 ἣν
463 1717 518 1793 εἶχε
535 1721 658 1778 σπολάδα
676 1719 691 1781 ὅ
710 1721 838 1796 βασιλεὺς
855 1721 908 1794 τὴν
924 1721 1023 1796 χροιάν
1043 1719 1251 1796 χολοβάφινον,
1276 1717 1327 1776 οὐκ

228 1788 312 1862 εάοάμ
333 1796 400 1846 ολον
413 1787 448 1875 τά
462 1793 558 1864 χρῶμα
575 1794 674 1863 τοῦτο,
697 1796 798 1864 φησίν,
823 1783 845 1850 ὦ
869 1796 999 1882 βασιλεῦ,
1021 1789 1092 1849 άλλά
1108 1793 1156 1848 καλ
1174 1792 1237 1847 λίαν
1254 1785 1326 1845 κατά

230 1857 286 1988 pp'p
304 1859 587 1984 ωοανὲίτονέπέλὲμον
610 1867 674 1948 ναῖς
686 1859 823 1984 ὶάγαλναῖς
844 1883 939 1947 νοχαις
960 1860 1164 1986 ιοιῖἳννόκροῖνονὶν.
1183 1853 1328 1986 ἒαάέὀςᾷ

229 1931 1329 2100 „lov'lsslnlllnlslsllldp“iulll‘lllil⁰0}militdiffiniti.

230 2077 259 2126 st
276 2087 326 2122 non
343 2075 485 2122 cutrorum
500 2075 600 2122 tuntum
617 2074 644 2123 et
660 2071 782 2138 militiae,
806 2087 894 2126 verum
919 2087 1020 2141 quoque
1044 2071 1115 2142 pecie
1131 2075 1158 2123 et
1175 2070 1262 2122 euriae
1281 2085 1330 2120 ve·

164 2176 170 2182 -
231 2137 377 2194 alimentum
393 2143 435 2192 est
452 2130 631 2208 tnstdpsnov3
648 2139 715 2193 nude
732 2146 760 2192 et
776 2139 945 2211 quodcunque
961 2139 1119 2205 huiusmodi,
1136 2139 1160 2194 si
1178 2136 1331 2193 modestis·

231 2223 287 2263 snm
305 2211 345 2259 est
363 2211 390 2258 et
406 2204 527 2277 divisum,
551 2208 604 2260 tale
620 2225 713 2261 nomen
734 2211 850 2262 sortitur.
884 2211 998 2266 Tzetzes
1021 2210 1131 2264 citatus=
1160 2204 1251 2278 φάρος
1273 2201 1330 2260 ἐστὶ

228 2271 264 2330 ed
287 2269 472 2344 διεοχιομὲνον
498 2271 624 2346 ἱμάτιον,
649 2271 668 2332 d
692 2279 829 2348 καλοῦμεν
851 2271 1031 2348 ἔπιλώρικον,
1058 2274 1107 2334 καὶ
1131 2272 1239 2332 scdsed
1257 2269 1330 2329 οὕτω

128 2373 135 2388 t
230 2339 427 2414 διεοχιομίνον.
460 2351 551 2398 auctor
567 2362 687 2416 quoque,
714 2365 770 2401 eum
794 2348 894 2418 placet,
919 2349 1011 2402 asserit
1028 2347 1069 2401 bio
1084 2346 1148 2416 geri.
1183 2363 1240 2400 cum
1257 2344 1330 2398 belli-

231 2429 288 2468 cum
306 2420 347 2466 est
363 2417 462 2468 tantum
480 2419 507 2467 et
523 2421 665 2469 castrorum
681 2416 828 2486 proprium,
853 2416 986 2489 κλίβανον
1010 2422 1055 2470 ent
1077 2411 1221 2488 κλιβάνων
1237 2414 1331 2467 dietum

231 2481 346 2554 reperies
363 2483 432 2604 apud
449 2481 562 2540 Leonem
579 2485 606 2538 in
622 2485 737 2539 Tacticis
755 2493 782 2541 et
802 2487 921 2540 Niceten
944 2485 1182 2540 Graecobsrbarum
1206 2485 1264 2536 loeo
1288 2498 1331 2534 su-

232 2549 320 2622 perius
337 2552 370 2605 sd
390 2549 553 2628 uecordes
569 2549 602 2607 di
619 2547 635 2608 d
655 2555 770 2625 Γαβοοῖς
785 2553 833 2610 καλ
849 2550 881 2612 τὸ
899 2549 994 2610 ἐπάνω
1011 2555 1162 2626 κλίβανον,
1185 2546 1203 2609 d
1221 2548 1236 2606 d
1256 2552 1332 2624 βασι-

233 2616 296 2682 λεῦς
312 2615 407 2676 ἐπάνω
424 2620 480 2675 τῶν
498 2616 534 2689 do
566 2618 631 2677 ’ταν
648 2619 737 2676 αὐτοῦ
758 2621 862 2693 ἐφόρει.
896 2631 923 2678 at
940 2623 973 2678 de
990 2625 1089 2678 clibano
1108 2622 1177 2679 eltbi.
1212 2637 1333 2674 cereae-

234 2694 317 2742 terum
333 2697 425 2743 auctor
443 2684 521 2744 ίπιλο
541 2708 637 2760 οικον,
654 2692 698 2745 alii
716 2709 780 2746 vero
798 2687 962 2759 ἐπιλάρικον
979 2693 1105 2759 scribant,
1129 2691 1275 2764 expositum
1290 2706 1333 2744 re·

232 2759 318 2830 peries
335 2758 474 2829 superioris
495 2759 586 2832 capitis
602 2767 664 2814 noto
680 2761 713 2816 ad
734 2778 761 2839 p.
779 2763 812 2816 14
830 2780 856 2816 r.
874 2763 901 2818 9.

303 2861 339 2944 s'b.
363 2877 389 2914 v.
407 2861 442 2944 ,7.
463 2861 515 2915 τοῦ
534 2857 656 2932 μεγάλου
678 2855 868 2934 ἕταιριάοχοο]
893 2865 959 2919 hunc
983 2881 1085 2949 quoqne
1107 2861 1210 2945 cingulo
1232 2857 1334 2915 militari

236 2929 360 3014 (pretioso
377 2933 466 3014 utrque
483 2935 510 3013 et
525 2931 675 3002 conspicuo)
692 2934 810 2987 donatum
829 2935 945 3004 suggerit
961 2935 1070 2988 Nicetes
1082 2934 1110 2988 in
1126 2933 1216 2986 Alsum
1226 2932 1334 2986 Menne-

235 2999 268 3052 lrs
285 2999 325 3053 ll:
341 2995 391 3052 καλ
405 3016 458 3068 την
473 3017 524 3068 της
540 2992 730 3071 ἕοαιραρχείας
749 3001 839 3073 ζώνην
855 3003 936 3074 ἔχειν.

305 3100 342 3154 s't.
358 3117 387 3156 v.
404 3101 431 3157 9.
447 3095 667 3172 χρυσοκάρανον]
683 3102 755 3156 aurei
770 3105 907 3176 glauciqne
921 3103 1013 3159 coloris
1030 3102 1211 3158 intermixtum.

320 3191 359 3252 it.
372 3208 399 3250 v·
415 3193 463 3256 17.
491 3191 653 3270 φακεωλίς,
668 3199 702 3264 et
714 3195 787 3254 infre
806 3216 830 3254 ο.
853 3199 873 3259 6
896 3191 1083 3274 φακεάλνον,
1099 3194 1229 3252 scribitur
1251 3191 1335 3250 etiam

236 3267 401 3353 φακεόλιον
420 3280 451 3334 et
470 3271 636 3353 φακιόλιον.
678 3278 775 3342 Iunius
803 3281 908 3357 ubique
934 3281 1020 3340 vertit
1040 3283 1149 3340 tiaram.
1175 3280 1205 3336 in
1224 3277 1335 3336 scholiis

180 3402 182 3407 -
236 3365 332 3419 tamen
351 3379 448 3422 verum
457 3363 585 3440 attigisse
602 3363 727 3442 videtur,
749 3385 812 3424 cum
825 3367 865 3424 ait
878 3387 932 3426 esse
946 3372 1054 3443 tegmen
1065 3369 1162 3444 capitis
1185 3366 1336 3442 speciosum,

234 3451 260 3506 et
275 3449 355 3524 quari
366 3445 489 3525 infestes
500 3448 654 3526 complicato
668 3451 764 3524 linteo,
787 3452 865 3530 puali
876 3452 924 3510 lucc
943 3457 1055 3530 tenpore
1071 3451 1174 3510 Torone
1188 3451 1232 3507 nti
1243 3448 1335 3508 solent.

233 3527 420 3591 Leuuclavius
445 3530 475 3590 in
500 3532 697 3594 Onomastieo:
726 3535 831 3596 tollant
852 3542 877 3596 et
908 3535 1012 3615 tulpnnt
1031 3541 1057 3594 et
1083 3535 1215 3616 tnlspont,
1241 3534 1337 3595 dinetus

208 3667 210 3672 ,
235 3621 333 3696 cepitis
344 3617 507 3678 involuerum
522 3617 680 3697 ancs'curn,
703 3623 773 3700 prod
786 3623 884 3681 θωνα·
899 3625 1051 3680 recentiores
1071 3615 1234 3698 pantoleon
1249 3619 1337 3678 debere

235 3703 321 3762 ueluti
334 3702 482 3781 fasciolum
505 3710 555 3763 ont
572 3705 704 3784 fasciam.
726 3710 854 3782 originem
874 3707 981 3766 videtur
998 3706 1091 3766 tubere
1110 3707 1144 3765 ab
1160 3703 1261 3763 Italica
1279 3719 1339 3761 uoce

230 3786 370 3866 fasciolo,
386 3793 463 3848 οαίνο
483 3794 509 3848 et
523 3790 680 3849 diminutivo
696 3790 838 3868 sadotetto
861 3794 980 3861 αλίοικος
1002 3810 1070 3870 pone
1091 3797 1153 3852 sunt
1173 3808 1206 3848 es
1218 3785 1340 3867 fasciola

231 3872 321 3952 fecte.
343 3873 412 3952 haec
425 3872 479 3933 ille.
521 3873 619 3933 Iunius
630 3876 713 3935 etiarn
731 3876 767 3934 ab
782 3875 886 3934 Italicis
898 3876 1009 3955 fossolo
1022 3882 1052 3934 et
1066 3873 1205 3954 saszoleto
1218 3872 1338 3931 deducit

157 4035 162 4047 Ι
235 3959 333 4016 forsan
347 3959 400 4017 erit
416 3959 464 4035 qui
481 3965 594 4038 repetat
607 3961 742 4037 originem
757 3981 775 4020 a
790 3961 957 4020 Germanico
970 3961 1132 4040 femineus,
1153 3978 1205 4037 pro
1225 3957 1340 4017 sudario

235 4061 287 4101 seu
299 4043 464 4122 strophiolo.
486 4046 565 4120 quod
578 4051 673 4105 eutem
692 4047 819 4105 Codinus
842 4047 910 4105 dicit
925 4047 1089 4127 placentium
1106 4067 1124 4105 a
1141 4043 1234 4106 Medis
1263 4059 1340 4101 acee-

237 4132 320 4208 ptum
331 4147 409 4205 esse,
423 4129 454 4186 id
468 4129 505 4188 de
522 4147 563 4206 re,
579 4131 685 4190 nonde
700 4131 812 4190 nomine
828 4132 946 4211 intelligi
964 4132 1055 4191 debet.
1078 4151 1173 4211 porro,
1191 4136 1225 4188 ut
1241 4134 1272 4188 et
1288 4127 1341 4185 hoc

242 4214 334 4274 obiter
355 4219 502 4290 notemus,
524 4221 670 4292 gestamen
696 4217 765 4275 illud
790 4216 957 4295 Turenum,
978 4219 1056 4295 quod
1084 4216 1218 4276 Germani
1240 4215 1341 4272 vocant

243 4298 368 4410 tutent,
388 4297 557 4362 descendere
573 4303 684 4364 videtur
703 4321 738 4364 ex
757 4303 881 4383 tegmine
901 4305 949 4366 illo
966 4303 1066 4386 cepitis
1082 4303 1160 4380 quod
1178 4300 1279 4361 Graeci
1292 4316 1341 4378 ap
