3050 4924
432 307 490 374 DE
517 307 697 376 OFFIGlIS
723 309 782 380 GP.
809 311 895 378 GAP.
921 308 979 380 v1.
1130 353 1134 364 ι
1202 315 1253 388 47

149 477 171 564 ἢ
186 476 224 546 rt
235 502 269 563 γε
284 477 366 544 αλτία
382 483 438 546 sori
450 477 494 565 μη
508 488 647 568 παρεῖναι
665 480 757 551 αὐτὸν
770 483 902 566 βασιλέα
917 487 967 552 καλ
985 487 1028 564 εἰς
1043 483 1098 571 τὴν
1115 491 1252 576 λειτουρ-

149 584 218 668 γίαν
239 583 321 648 ἐστὶν
342 579 389 673 ὅτι
410 583 467 661 τὰς
486 584 541 667 μὲν
562 583 658 662 άλλας
678 586 762 652 πίντε
783 584 900 676 ἡμίρας
918 586 1071 673 ψάλλεται
1092 596 1212 676 πρῶτον
1232 587 1249 658 ὃ

149 683 309 773 ἕσαερινὸς
324 683 419 768 ὕμνος
433 689 484 752 καλ
501 687 571 770 μετ’
591 687 684 758 αὐτὸν
699 687 719 773 ἦ
736 694 923 778 λειτουργία,
951 695 978 758 εί
999 693 1033 759 ‹tl
1050 695 1083 758 ἐν
1101 693 1251 786 σαββάτῳ

148 787 236 872 τάχοι
248 787 269 873 ἢ
282 795 428 876 κυριακῇ,
451 793 494 866 είς
507 791 610 876 τρίτην
621 789 706 878 ὥραν
719 799 773 876 τῆς
785 790 901 881 ημίρας
912 795 1024 880 γίνεται
1037 793 1057 880 ἢ
1071 800 1252 884 λειτουργία.

122 889 203 962 scisci
220 917 268 957 τοι
283 899 373 958 τοῦτο
388 896 438 958 καὶ
452 892 540 960 οὐδὲν
552 892 640 974 στάζει
652 892 831 979 ψάλλεσθαι
847 899 904 982 τὴν
918 897 1061 983 τοιαύτην
1081 895 1155 983 ὅλην
1174 901 1249 966 άκο-

147 995 281 1060 librabo
295 1001 356 1060 τῶν
369 1021 401 1062 τε
416 992 503 1083 ὡρῶν
517 999 645 1063 καὶτῶν
659 1001 849 1086 τροααρίων,
875 1000 928 1066 διά
948 1001 983 1080 τὸ
1003 1004 1151 1125 ηλείστηη
1164 1001 1249 1084 εἶναι,

143 1100 198 1164 καὶ
213 1100 247 1176 ἐξ
261 1095 394 1183 ἀνάγκης
406 1096 556 1184 ψάλλεται
568 1101 625 1183 μὲν
639 1108 760 1188 πρῶτον
771 1100 791 1187 ἦ
803 1105 973 1193 λειτουργία
986 1107 1088 1183 liciam,
1114 1131 1156 1184 αις
1169 1107 1249 1173 κατά

144 1201 200 1266 τὸν
222 1202 403 1286 τεταγμένον
425 1200 546 1288 καιρόν,
578 1206 630 1270 καὶ
653 1203 724 1270 ἄνευ
748 1213 804 1290 τῆς
825 1213 882 1272 τοῦ
901 1209 1052 1291 βασιλέως
1075 1209 1286 1292 lacrimulam}

143 1303 225 1370 κατὰ
249 1305 283 1371 δὲ
303 1305 358 1390 τὴν
381 1311 437 1372 τοῦ
461 1303 618 1396 ἕσαερινοῢ
641 1306 725 1397 αλραν
740 1305 916 1394 ὅβασιλεῢς
932 1308 1050 1400 ἔρχεται
1068 1312 1111 1390 εἷς
1125 1311 1210 1398 aba?
1229 1352 1247 1366 -

102 1410 282 1492 ίθκλησίαν.

249 1503 388 1578 Τῶν-οὗν
401 1512 573 1600 τροααρίων
586 1513 788 1598 ψαλλομίνων
801 1511 817 1580 ὃ
829 1515 885 1599 μὲν
898 1517 1044 1599 βασιλεὺς
1056 1515 1245 1606 φορεῖοκιά-

47 1645 52 1659 ·
141 1616 211 1678 διον
224 1617 275 1678 καὶ
289 1613 345 1698 τὴν
357 1615 566 1702 καθημερινὴν
579 1615 691 1701 στολὴν
707 1617 812 1699 αὐτοῦ,
832 1621 883 1686 καὶ
897 1620 927 1686 οἶ
940 1619 1083 1708 ι’ίρχοντες
1095 1623 1129 1686 (λε’
1141 1618 1244 1687 άσαά-

141 1737 219 1794 ταις·
244 1718 322 1784 κατὰ
344 1718 378 1783 δὲ
397 1717 450 1783 τὸν
470 1715 624 1805 ἕσπερινὸν
637 1723 689 1786 καὶ
704 1721 760 1803 τὴν
776 1725 963 1810 λειτουργίαν
977 1722 1119 1792 ἀλλάσσει
1133 1724 1243 1812 ῥοῦχου

139 1821 423 1908 μαργαριταρίίνον.
474 1832 567 1910 φορεῖ
579 1823 612 1888 δὲ
629 1823 677 1888 lul
693 1830 828 1912 κεφαλῆς
839 1825 873 1891 τὸ
888 1829 999 1894 δοκοῦν
1012 1827 1096 1916 αὐτῷ
1109 1825 1241 1914 φάρεμα,

97 1935 132 1991 1⁵
141 1921 241 2008 ἤωςῆ
257 1926 417 2011 κρινοινίαν
432 1921 452 2008 ἢ
467 1924 674 2014 τετράφυλλον
689 1925 712 2011 η’
726 1954 755 1993 τι
772 1929 872 2014 ἕτερον
886 1927 992 2014 ὅμοιον
1004 1927 1139 2007 τούτοις·
1165 1931 1194 1996 οἱ
1207 1933 1242 1996 ol

139 2023 285 2112 άρχοντες
299 2025 467 2114 σκαράνικα
483 2027 641 2116 φακεώλια
654 2033 705 2096 καὶ
720 2029 877 2116 καββάιλιο
891 2035 942 2100 καὶ
955 2030 1130 2121 ἰκιλοάρικα
1137 2081 1149 2114 ,
1170 2034 1241 2100 ilec-

138 2155 212 2207 στος
229 2130 307 2196 κατά
322 2133 379 2214 τὴν
395 2131 480 2209 τάξιν
497 2132 617 2198 attam

247 2234 444 2318 Ψαλλομίνης
465 2226 519 2302 οὖν
539 2243 595 2320 τῆς
613 2237 818 2324 λειτουργίας,
843 2235 866 2323 ἢ
885 2234 981 2324 μόνον
996 2243 1053 2305 τοῦ
1069 2234 1279 2326 {caeparum}

137 2339 165 2404 εἰ
186 2336 219 2403 ἓν
242 2333 391 2426 σαββάτῳ
411 2336 433 2421 ἢ
453 2345 582 2426 κυριακῇ
600 2337 703 2434 τύχοι,
736 2336 779 2416 ὡς
800 2340 915 2427 εἴρηται
922 2391 933 2422 ,
963 2341 994 2407 οἳ
1014 2343 1241 2430 τιρορρηθέντες

93 2438 284 2528 ὶθάρχοντες
302 2440 332 2506 οἱ
351 2442 402 2505 καλ
423 2448 478 2525 τῆς
494 2439 713 2528 παραστάσεως
724 2438 872 2528 ὖαηρίται
886 2444 924 2508 τὰ
938 2443 1082 2525 βασιλικά
1099 2445 1241 2532 φίροντες

135 2541 304 2632 φλάμοολα
316 2549 371 2629 τῆς
381 2541 565 2633 acuatum
575 2545 682 2612 ἶστῶσι
695 2544 887 2635 καταντικρύ.
911 2545 984 2632 ilbi
997 2549 1049 2613 καὶ
1058 2549 1118 2657 ιεἶσὶ
1131 2553 1238 2627 ταῦτα,

203 2748 309 2825 strar
325 2749 406 2812 nml’
507 2758 572 2812 6τε
589 2757 666 2813 omP
779 2759 814 2813 13
829 2763 891 2828 post
907 2755 1049 2827 ῥοὸχονΡ
1067 2752 1127 2830 ἧος
1142 2753 1236 2816 ἐπάνω

202 2824 309 2894 ἔνδυμα
411 2825 445 2883 16
462 2836 523 2898 post
537 2828 680 2900 καββάβιοι
695 2827 719 2881 P
734 2821 794 2898 ἧος
808 2825 952 2896 ἐνδύματα
1001 2827 1018 2852 ²

130 3014 214 3086 gitur.
249 3031 331 3069 causa
353 3030 401 3068 cur
422 3014 566 3086 imperator
587 3015 712 3086 liturgiae
733 3034 787 3070 non
809 3015 846 3068 sit
867 3031 993 3087 praesens
1016 3019 1058 3068 est
1077 3015 1145 3084 ista,
1170 3015 1234 3086 quia

132 3085 194 3138 aliis
212 3085 328 3154 quinque
344 3085 558 3138 antecedentibus
575 3086 668 3140 diebus
682 3095 803 3140 cantatur
814 3085 923 3156 primum
935 3084 1101 3154 vespertinus
1113 3086 1232 3154 hymnus,

132 3162 161 3208 et
179 3162 240 3224 post
256 3153 326 3207 hmic
342 3153 451 3223 liturgia
468 3154 612 3225 perficitur.
647 3156 755 3209 sivero
774 3157 869 3208 festum
887 3154 913 3208 in
933 3154 1069 3208 sabbatum
1087 3153 1131 3206 vel
1147 3155 1233 3208 domi-

129 3221 218 3276 nicum
243 3223 310 3276 diem
335 3223 466 3292 incurrat,
494 3224 561 3276 horu.
580 3224 660 3277 tertia
677 3225 732 3277 diei
747 3223 854 3292 liturgia
873 3223 1030 3278 celebratur.
1066 3225 1232 3292 quamobrem

129 3293 260 3362 integrum
283 3310 335 3345 non
359 3301 399 3345 est
424 3301 453 3345 ut
479 3291 626 3346 huiusmodi
641 3301 723 3346 totum
742 3295 855 3346 officium
874 3292 996 3345 horarum
1013 3298 1040 3345 et
1056 3293 1232 3374 tropariorum

128 3361 311 3430 persolvatnr3
341 3379 372 3413 ec
396 3361 465 3430 quod
487 3362 523 3415 sit
546 3362 624 3416 valde
648 3361 786 3432 prolixum.
820 3361 881 3414 hinc
898 3361 1047 3414 necessario
1063 3378 1138 3430 prma
1154 3361 1231 3414 litur-

127 3430 174 3498 gia
196 3430 305 3482 seorsim
331 3430 498 3499 decantatur,
522 3437 645 3500 tanquam
667 3439 765 3486 statuto
788 3435 921 3500 tempore,
948 3434 975 3484 et
990 3429 1049 3482 sine
1065 3431 1232 3501 imperatoria

125 3498 290 3621 praeseutia.
327 3509 355 3552 at
373 3500 443 3554 circa
460 3517 628 3572 vesperarum
649 3499 738 3554 horam
754 3500 898 3570 imperator
913 3499 947 3554 ad
965 3498 1101 3554 ecclesiam
1117 3518 1148 3554 se
1165 3519 1231 3555 con-

140 3576 191 3622 ert.

197 3636 264 3690 Dum
283 3635 364 3705 igitur
380 3635 497 3708 tropario
514 3636 675 3707 psalluntur,
702 3637 846 3707 imperator
868 3635 922 3690 fert
938 3633 1034 3707 pileum
1051 3640 1080 3689 et
1095 3633 1229 3704 quotidia-

125 3722 188 3760 num
204 3721 280 3758 suum
297 3707 427 3759 amictum.
462 3707 582 3759 similiter
599 3715 625 3760 et
639 3724 762 3775 proceres
778 3704 866 3759 aulici.
902 3704 973 3760 circa
986 3705 1151 3775 vespertinas
1163 3722 1228 3758 vero

123 3775 217 3828 laudes
236 3782 263 3828 et
278 3773 410 3842 liturgiam
427 3783 510 3830 mutat
528 3792 602 3828 suum
619 3775 741 3843 rucbum,
767 3775 817 3826 hoc
840 3781 881 3828 est
903 3774 1025 3828 extimum
1041 3773 1227 3841 indumentum,

123 3843 277 3913 margaritis
300 3853 463 3896 contextumr
489 3845 543 3898 fert
566 3852 652 3897 autem
676 3845 704 3897 in
727 3846 814 3915 capite
835 3843 905 3912 quod
929 3841 1066 3897 allubescit
1082 3849 1228 3910 gestamen,

123 3923 191 3984 putu
214 3911 258 3966 vel
281 3911 424 3966 crinoniam
447 3911 490 3966 vel
511 3913 697 3983 tetraphyllum
716 3913 758 3966 vel
773 3911 838 3983 quid
857 3911 981 3966 assimile.
1014 3926 1140 3994 proceres
1161 3928 1228 3964 vero

122 3987 230 4050 gestant
248 3981 400 4048 scaranicu,
427 3981 579 4050 phaceolia,
604 3983 732 4036 cabbadia
749 3991 777 4036 et
793 3981 933 4051 epilorica,
958 3979 1069 4054 quilibet
1085 3978 1227 4034 secundum

121 4051 242 4104 ordinem
259 4058 288 4102 ct
302 4050 457 4118 dignitatem
473 4069 556 4105 suam.

192 4120 261 4172 Dum
283 4118 365 4188 igitur
389 4119 497 4188 liturgia
521 4119 656 4190 peragitur
678 4124 724 4174 aut
747 4119 818 4183 solae
834 4115 1001 4188 vespertinae
1017 4114 1107 4184 laudes
1125 4115 1224 4171 decan-

121 4195 228 4256 tantur,
256 4188 280 4240 si
305 4190 400 4240 festum
427 4188 536 4242 sabbato
562 4199 608 4246 aut
630 4187 758 4245 dominico
782 4189 825 4244 die
849 4203 941 4246 occurr
960 4193 984 4251 t,
1012 4192 1041 4236 ut
1058 4185 1155 4240 dictum
1173 4193 1223 4255 est,

117 4257 312 4328 praenominati
330 4274 467 4325 proceres,
493 4257 544 4328 qui
555 4258 633 4312 etiam
652 4256 872 4316 circumstationis
888 4271 928 4308 mo
948 4259 1064 4307 aratores
1082 4263 1157 4324 sunt,
1175 4273 1223 4324 ge-

117 4335 192 4383 stant
207 4325 341 4381 flammula
357 4344 390 4380 ex
407 4327 519 4382 adverae
537 4325 701 4398 imperatorii
717 4327 787 4397 solii,
806 4331 952 4398 quaesunt
969 4323 1032 4379 iata.
1067 4339 1145 4377 unum
1162 4325 1222 4394 qui-
