2958 4918
354 227 364 254 l
486 289 534 360 IN
562 291 710 362 CODlNl
738 293 823 363 CAP.
849 293 876 361 l.
1160 291 1232 366 147

124 455 275 536 responsio
297 460 342 514 est
365 453 455 516 notare
478 449 590 538 amnne,
613 462 685 519 sicut
705 465 731 519 ct
750 461 952 540 ipsumoacrum
960 465 1123 536 unguentum
1136 466 1161 520 ct
1173 461 1233 526 alca

124 561 226 617 sano,
247 543 371 622 quamuis
392 555 447 602 uno
468 547 498 604 in
521 545 579 604 loco
592 546 781 624 candificata,
803 544 881 605 semel
898 551 986 610 tomen
999 549 1235 625 oancnflcattonan

124 627 226 706 adepta
235 628 335 706 utiquc
345 644 404 688 cam
416 630 528 688 retinent
541 637 567 689 et
581 636 713 703 ensmunt,
727 626 821 706 inquit
842 629 959 708 Citrius,
976 625 1025 706 qui
1039 636 1068 689 et
1083 632 1166 691 docet
1181 653 1233 691 an-·

124 717 254 772 timenda
268 731 320 771 man
335 715 531 790 parastatica
550 715 727 774 dedicationis
743 717 787 775 die
808 715 970 788 actitata,
992 716 1106 775 sedtum
1120 717 1234 794 danum,

124 799 176 859 uti
199 801 380 882 tegumentum
402 797 502 858 attaris
521 819 579 901 per·
594 803 732 879 sacn'ficin
759 805 856 879 septam
880 803 1012 860 continuis
1032 799 1123 860 dicbus
1143 802 1235 862 oblata

125 875 365 962 cancdflcationcm
385 887 544 962 accpaset,
564 888 594 944 in
609 891 701 963 partes
716 884 833 944 dianam
848 890 874 943 et
884 905 936 963 pro
953 889 1120 945 ontinenam
1138 887 1235 946 dictri-

125 969 219 1028 butum
239 987 302 1026 ecce.
343 966 375 1024 in
393 971 512 1030 eandem
525 971 694 1030 sententiam
706 959 883 1048 Nicephorus
893 969 1050 1048 patriarcha
1066 970 1235 1074 Cpolitanus

125 1060 196 1112 tom.
211 1051 310 1116 llaris
325 1049 382 1109 GR
395 1052 443 1112 fol.
458 1057 499 1118 29
510 1044 670 1115 antimensia
678 1056 818 1134 mqu1t,
839 1055 988 1134 ubicunque
1002 1057 1130 1136 smne
1107 1077 1141 1116 uc
1159 1072 1236 1134 apua,

125 1141 286 1209 minatur,
306 1137 403 1196 necrol
416 1139 469 1197 lac
486 1139 529 1198 nel
543 1140 596 1199 illa
615 1159 724 1217 regnora
747 1141 1011 1213 circumscribuntur,
1033 1137 1113 1202 sed
1100 1161 1129 1200 rn
1150 1141 1235 1200 otnant

125 1241 230 1302 puopuc
242 1225 409 1302 mooinciam
422 1222 620 1324 nonsscruntur
635 1229 705 1286 ncut
722 1232 748 1284 et
761 1244 867 1285 samum
880 1231 1051 1330 unguentum.
1081 1221 1163 1284 addit
1181 1225 1235 1284 Ni-

125 1308 267 1412 caphnios
285 1307 459 1366 notationem
480 1311 614 1370 nominis:
634 1315 675 1370 ric
685 1315 774 1370 autem
787 1303 956 1414 appellantur
967 1308 1009 1384 aig
1023 1303 1235 1418 οἲντίπρόσιοπα

125 1391 181 1456 nal
197 1386 345 1455 α’ντίτνπα
360 1397 421 1456 τῶν
439 1399 561 1458 πολλῶν
581 1389 698 1478 μίνσων
714 1399 778 1457 τοῖν
795 1390 1032 1476 ααναροοζόντοιν
1056 1419 1112 1474 την
1140 1395 1233 1476 clyton

125 1476 182 1541 mal
210 1474 391 1556 deanorcunv
415 1473 574 1559 τράπεζαν.
616 1486 684 1540 sunt
706 1482 780 1539 enim
810 1480 898 1559 ipsius
924 1487 1102 1540 consecratae
1117 1493 1233 1540 mensae

127 1583 180 1622 seu
199 1581 264 1622 arae
281 1565 400 1623 uicaria:
419 1583 485 1623 nam
501 1571 533 1624 ut
547 1566 623 1625 idem
642 1566 820 1646 Nicephorus
838 1567 926 1645 dicit,
940 1571 1047 1646 proprie
1064 1586 1166 1626 mensas
1181 1585 1232 1625 seu

127 1667 194 1708 aras
213 1649 374 1726 significant
391 1669 459 1727 quas
473 1656 635 1711 consecratio
653 1672 705 1711 non
724 1653 912 1731 sanctificarit.
954 1656 1051 1710 monet
1072 1652 1157 1712 etiarn
1177 1652 1233 1710 hoc

127 1735 323 1813 Nicephorus:
346 1737 429 1813 siper
440 1739 622 1811 ignorantiam
632 1735 807 1815 totarntnerit
815 1741 1017 1810 catinensium,
1035 1744 1234 1816 nonprapterea

129 1824 252 1881 amittere
274 1821 509 1898 sanctffieatroncm
530 1841 578 1881 nec
602 1822 747 1901 profanum
765 1821 843 1899 effici
896 1841 950 1901 pro
973 1837 1031 1898 quo
1049 1822 1111 1898 alil,
1134 1822 1236 1881 vitiose

129 1923 247 1986 prorsas
277 1903 412 1981 nulloque
438 1925 538 1984 sensa,
568 1926 593 1966 a
588 1907 744 1987 impletum
760 1908 851 1986 suerit
869 1910 1070 1966 cumaeam.-
1105 1906 1235 1964 nimirum

128 2010 184 2070 pro
212 1993 321 2075 πλνθῇ
343 1988 474 2068 legerunt
496 1995 677 2074 πληθυνθῇ.
720 2008 793 2067 quae
816 1992 918 2050 vitiosa
939 1990 1023 2051 lectio
1047 2011 1065 2052 a
1087 1978 1237 2051 Boncfidio'

128 2076 259 2157 profecta
278 2079 371 2134 exstat
390 2077 474 2134 etiarn
490 2081 558 2136 tom.
578 2081 597 2140 6
615 2077 806 2136 Bibliothecae
826 2077 879 2136 SS.
901 2075 1027 2138 Patrum.

215 2160 251 2220 In
269 2159 444 2239 Euchologio
459 2161 631 2222 Graecorum
647 2162 845 2242 praescribitur
865 2156 963 2240 τάξις,
995 2162 1051 2222 hoc
1071 2167 1117 2222 est
1132 2161 1235 2221 modus

128 2253 161 2306 et
180 2248 265 2324 ordo,
287 2248 470 2306 consecrandi
487 2247 664 2307 antirnensia.
707 2249 830 2327 pando,
850 2247 961 2326 inquit,
989 2246 1137 2308 emadan
1160 2251 1236 2306 anti·

128 2337 232 2392 mania
245 2351 349 2392 mensae
366 2336 520 2411 imponunt,
537 2333 594 2392 iltis
611 2351 644 2392 ca
661 2332 787 2392 ementire
810 2351 857 2392 seu
869 2334 941 2412 flore
957 2336 1016 2392 uini
1036 2331 1237 2412 nepcn'nsandit

128 2421 266 2496 epimopus
282 2424 323 2476 ter
339 2422 467 2497 plantum
480 2420 563 2495 oati‚s
580 2421 694 2476 recitato
711 2421 817 2478 imaum
833 2415 975 2494 pintan*
973 2435 1099 2496 asperges
1125 2433 1165 2474 me
1186 2415 1237 2474 do-

128 2507 200 2562 minc
216 2502 344 2580 hyssopo,
377 2501 576 2576 αοινοαοὺον,
607 2502 714 2562 tanabm
733 2513 786 2577 tne,
821 2507 847 2561 et
871 2520 949 2580 super
967 2505 1054 2561 ranem
1069 2493 1237 2560 dealbabor''

130 2589 180 2647 troc
200 2593 239 2646 ter
254 2587 326 2646 dicto
341 2586 446 2666 reliqua
463 2588 578 2647 eiusdem
590 2587 694 2668 psalmi
715 2587 861 2689 adiungit,
874 2586 1008 2665 ἅναοιονο
1026 2585 1175 2645 ὸοαοάοοοαο
1194 2590 1238 2644 ait

127 2671 296 2732 “maan
310 2672 374 2734 deus
395 2678 501 2745 noster,
518 2692 591 2732 nanc
610 2679 636 2732 et
657 2690 754 2752 semper
770 2675 825 2732 et
811 2691 842 2732 ιο
858 2671 948 2732 secuta
961 2672 1122 2746 ascelmum,
1136 2663 1238 2729 amai?

125 2765 223 2840 pona
238 2763 345 2836 cccmto
362 2761 437 2816 οοοοο·
447 2761 583 2834 angamti
597 2776 675 2829 vase,
696 2763 723 2817 et
741 2757 855 2846 diacono
876 2757 1010 2818 amante
1024 2749 1238 2836 “candana‚”

125 2844 206 2926 facit
218 2862 269 2923 per
283 2846 470 2902 οαῐίαοαοίνοι
487 2862 577 2902 cruces
597 2849 666 2920 aa,
689 2861 770 2904 unam
788 2861 839 2922 per
854 2841 983 2920 medimn,
1008 2845 1134 2947 utrinque
1155 2841 1236 2916 duos,
1313 2885 1321 2889 -

131 2932 311 3007 recitaturque
328 2924 492 3006 psatmmo“
491 2947 548 2988 ecce
574 2948 655 3007 quam
684 2928 778 2988 tonum
802 2933 829 2987 ct
855 2947 935 3006 quam
963 2919 1126 2988 iucundun''
1154 2947 1237 3006 usquc

129 3013 170 3074 ad
181 3015 283 3093 finems
304 3012 430 3090 deumque
449 3012 603 3072 ananan
620 3014 689 3074 decit
705 3016 841 3092 episcopus
856 3010 963 3089 “gloria
984 3014 1051 3114 tibi3
1072 3016 1168 3072 cancta
1184 3015 1236 3069 tri-

128 3103 222 3175 nitas,
246 3099 312 3158 deus
334 3102 455 3157 noster
442 3118 472 3158 cn
495 3091 612 3160 tenid
649 3096 742 3158 deinde
765 3103 874 3204 accepto
898 3097 1044 3157 inritata
1031 3115 1167 3156 cncenmm
1186 3096 1240 3175 sa-

134 3187 190 3254 cit·
207 3189 233 3242 et
251 3181 615 3243 manutenementum
635 3177 788 3244 doninum’'
808 3187 989 3260 sicprecatur
1007 3182 1143 3261 pontifex.
1167 3183 1239 3239 sub-

129 3271 240 3328 dantur
256 3269 359 3327 deinde
375 3287 487 3345 preces,
512 3286 583 3343 quas
602 3287 689 3346 snper
709 3269 868 3328 antimenota
888 3267 1016 3344 pontifex
1036 3267 1145 3340 filndit3
1168 3285 1239 3344 qua·

128 3373 195 3416 rum
212 3354 352 3412 desiderio
367 3353 416 3430 qai
428 3357 559 3430 tenetur,
576 3354 601 3412 is
620 3353 825 3430 Eucholagium
839 3352 976 3412 consulat.

218 3437 313 3497 Animi
337 3457 423 3498 causa
446 3440 524 3498 iuvat
546 3440 652 3498 addere
669 3439 863 3514 quaestionem
883 3437 983 3497 Ioanni
1002 3437 1093 3497 Citrio
1109 3437 1239 3516 proposi-

131 3530 211 3601 tam,
240 3525 310 3600 quid
332 3527 441 3586 Graece
463 3523 602 3600 significet
623 3527 824 3601 cummanum,
850 3527 881 3581 et
899 3524 1042 3598 quomodo
1062 3523 1240 3582 scribendum

130 3612 188 3688 sit,
206 3628 275 3668 num
287 3627 339 3689 per
352 3600 411 3689 οἷον
430 3627 468 3666 an
488 3627 540 3688 per
556 3609 639 3670 ἰῶτα.
681 3607 719 3666 ad
736 3608 809 3668 hanc
826 3605 1020 3684 quaestionem
1033 3609 1074 3666 ita
1083 3609 1239 3686 respondet

132 3695 250 3756 cintus.
293 3693 437 3776 appellatio
453 3693 593 3754 deducitur
609 3713 628 3752 a
647 3711 757 3770 mansa,
784 3691 855 3772 quod
877 3693 1019 3753 secundum
1040 3695 1154 3752 Graecos
1180 3696 1240 3770 qut·

132 3783 193 3842 dem
214 3781 353 3858 significat
375 3783 493 3841 maronia
517 3782 677 3850 cantarum,
702 3785 728 3838 et
748 3777 890 3838 secundum
913 3777 1039 3840 Italicam
1061 3779 1182 3852 linguam
1206 3772 1239 3842 cd

131 3860 437 3946 πεπραγματευμένον
449 3869 511 3937 τοῖς
531 3861 694 3938 ἕψοποιοῖς
713 3856 844 3925 lisanda.
888 3863 1043 3941 interpres.
1064 3860 1157 3920 uenale
1174 3881 1239 3938 pro-

127 3955 287 4032 pinatorum
304 3948 421 4008 edulium
441 3945 630 4030 (quambene
647 3948 784 4026 Graecus,
804 3953 864 4006 tam
878 3948 951 4008 bene
962 3943 1065 4004 Graeci
1078 3942 1239 4025 interpres).

131 4035 281 4097 audiamus
300 4040 419 4094 caetera.
462 4034 514 4092 lac
537 4038 641 4094 ratium
662 4037 716 4092 et
703 4053 732 4111 nn
749 4036 845 4096 meacm
861 4028 1010 4112 explicatae
1024 4049 1135 4110 mappae
1153 4034 1241 4090 nomi-
1315 4105 1316 4109 Ἰ

132 4128 237 4182 uantur
251 4121 395 4196 mansalia,
414 4124 543 4198 tanquam
561 4121 600 4178 ad
617 4107 740 4181 ornatum
761 4137 864 4178 manae
880 4120 979 4197 posito.
1021 4115 1135 4194 uulgari
1151 4121 1241 4175 autem

133 4227 188 4266 ura
204 4208 364 4266 antimenm
379 4204 507 4264 dicuntur
521 4207 592 4263 utin
609 4205 725 4265 nectitur
738 4199 869 4293 antipapa
882 4198 1068 4280 (antipanni).
1110 4197 1175 4258 laec
1186 4219 1240 4257 au-

134 4300 187 4354 tem
205 4295 236 4352 in
250 4293 351 4352 mnam
365 4290 422 4352 eltis
434 4294 571 4370 ponuntur
586 4291 689 4352 menas
685 4308 774 4370 pas
793 4291 954 4350 consecratio
976 4303 1028 4346 non
1049 4285 1241 4364 sanctificavit
