2958 4918
502 273 552 342 m
573 275 733 346 commu
742 279 827 348 mr.
854 278 881 346 1.
994 295 997 302 ’
1165 282 1238 354 lbi

120 428 253 508 timeo.
276 437 428 518 ,pemlum
448 438 493 502 hle
510 442 566 520 ffqui
586 447 716 523 vertunt,
742 444 761 503 ii
781 446 887 506 trustra
912 450 986 506 sant.
1020 423 1098 508 nulli
1117 446 1237 525 penulae

137 527 213 587 inter
232 531 324 586 vestes
345 545 441 587 ¹errectos
465 528 542 608 locus
566 535 626 604 est,
656 531 767 589 temetsi
793 552 850 591 non
871 533 971 609 ignoro
986 531 1055 606 qnid
1078 532 1114 592 de
1133 533 1237 612 penula

137 612 217 692 apud
244 614 275 670 S.
300 611 418 696 Paulum
441 614 523 692 epist.
548 615 624 674 dud
650 613 774 678 Timotlu
801 615 823 679 l
844 617 971 678 nonnulli
991 616 1233 696 philosophentur.

136 713 212 772 qnae
229 715 296 758 vero
311 698 371 758 eius
391 695 582 774 significator
604 719 711 760 sacrun
723 693 889 779 psldurou,
910 702 1002 778 inquit
1014 703 1128 763 Simeon
1142 703 1234 764 Thes-

132 780 336 862 saunioensis,
359 783 534 846 sublimiorem
560 789 592 844 ct·
611 789 720 863 supernis
744 787 868 849 collatum
895 792 1007 865 spintus
1032 790 1234 852 uirtuteru.sub

134 867 253 946 qrtodm
270 868 365 945 effigie»
376 875 523 943 monstrat,
550 871 680 948 imprimis
698 891 803 932 saccum
820 893 872 951 quo
884 893 931 950 per
951 872 1093 932 ludibrium
1112 873 1233 932 sulcator

133 952 248 1012 indutus
262 959 318 1025 cst,·
338 953 437 1016 idcirco
453 959 479 1016 et
499 955 574 1014 sacci
588 954 707 1033 formum
725 957 819 1016 babet:
837 975 883 1017 nec
903 961 976 1032 earn
995 960 1025 1014 in
1041 977 1070 1014 eo
1089 964 1151 1016 runt
1165 979 1233 1036 quoe

132 1037 302 1116 appellantur
323 1039 446 1116 μανίκιο
465 1057 511 1098 seu
532 1042 661 1098 monicae.
704 1035 845 1116 φοινὸλια
865 1041 1047 1120 patriarchica
1069 1046 1099 1098 et
1123 1043 1232 1120 episco

131 1122 210 1201 palin
223 1123 307 1202 plene
321 1133 402 1184 erant
415 1124 541 1182 crucibus
553 1123 642 1204 (unde
656 1125 724 1202 ipsls
744 1127 924 1206 polystaurii,
948 1128 1029 1203 quasi
1045 1127 1121 1190 olcas
1138 1129 1232 1189 multi·-

130 1211 234 1282 crnnt,
258 1206 440 1288 appellatio),
461 1215 491 1268 et
507 1216 719 1288 repraesentant
735 1231 787 1290 per
798 1218 900 1274 *totum
919 1214 1015 1272 orbem
1032 1212 1163 1270 diffusum
1182 1233 1231 1275 ve·

113 1293 273 1352 ‹nerandee
300 1295 388 1354 mucis
414 1294 547 1373 gloriam,
573 1301 606 1352 ut
633 1295 726 1372 inquit
746 1295 895 1356 Balsamon
919 1298 949 1356 in
976 1298 1173 1356 dissertatione
1193 1300 1230 1356 de

129 1378 351 1459 patriarcharum
367 1378 524 1458 privilegiis.
566 1381 672 1440 tonnae
686 1388 780 1440 antem
795 1382 966 1460 triangulrm,
989 1400 1062 1458 quse
1087 1381 1116 1440 in
1130 1382 1229 1443 iisdem

129 1465 286 1542 phaenoliis
303 1466 446 1543 visuntur,
469 1464 613 1524 declarant
639 1467 801 1545 angularem
827 1467 951 1546 lapidem
976 1467 1120 1526 Christum
1143 1467 1228 1528 delun

127 1557 274 1627 nostrum,
297 1552 346 1625 qui
366 1552 504 1610 disiuncta
518 1551 676 1628 coniunxit,
697 1559 729 1612 nt
748 1553 840 1628 inquit
855 1553 930 1612 idem
949 1551 1121 1612 ΒοΙεοοιοο.Ι

215 1634 249 1714 3)
271 1635 486 1712 epitrachelium
528 1637 693 1696 heterodoxi
717 1638 886 1716 interpretes
913 1644 1028 1710 vertunt
1052 1637 1150 1699 collare
1178 1654 1229 1701 seu
1253 1699 1255 1704 ,

128 1720 282 1780 collarium:
310 1723 363 1780 sed
382 1721 412 1780 id
431 1721 513 1780 ninris
533 1723 683 1801 profanum
704 1723 823 1782 videtur.
865 1724 1015 1782 retinemus
1033 1741 1108 1799 ergo¹
1126 1739 1228 1788 nomen

126 1807 277 1866 Graecum.
315 1805 530 1886 ,epitroclrdiurm
549 1807 642 1884 inquit
659 1807 789 1885 Simeon,
809 1827 823 1866 e
842 1808 915 1868 coelo
931 1808 1121 1868 descendentem
1141 1810 1226 1883 spiri·

128 1895 197 1952 ritus
222 1894 342 1967 gratiam
367 1895 450 1952 menti
476 1892 601 1957 morters*
636 1893 667 1952 ob
694 1893 741 1950 boc
766 1895 834 1952 onim
860 1895 1038 1970 etspiscopus
1057 1899 1082 1950 et
1102 1891 1225 1950 sacerdos

126 1995 147 2040 a
169 1980 254 2054 cupite
272 1976 343 2036 illud
357 1977 466 2036 induens
480 1977 647 2036 “benedictus
660 1978 741 2036 deus’'
760 1981 864 2056 inquit,
885 1980 954 2056 “qui
971 1977 1086 2053 effundit
1103 1979 1225 2052 gratiam

125 2081 203 2138 super
215 2063 360 2122 socndotes
376 2063 465 2122 suos.’'
505 2063 575 2122 undo
591 2081 620 2120 co
635 2063 743 2139 quilibet
763 2063 885 2122 sacerdos
899 2067 1000 2137 utitur,
1021 2065 1226 2140 quotiescunque

125 2149 272 2225 soonsssnt.
315 2147 471 2207 Germanus
481 2147 510 2206 in
527 2166 579 2206 sue
592 2148 805 2208 theodardum
819 2148 1080 2208 ecclesiasticarum:
1101 2147 1223 2207 deutrum

119 2237 228 2310 parturn
250 2233 417 2311 sps'trosbelii
440 2235 578 2312 sigm‘floot
603 2233 706 2294 arundo
729 2233 840 2293 ludibrii
865 2237 959 2310 gratio
981 2234 1103 2292 derterm
1125 2231 1227 2290 Christi

123 2317 209 2387 ἄατος
229 2320 364 2380 sinistram
391 2324 494 2396 partem
515 2319 620 2378 indicat
649 2321 737 2380 nucis
767 2321 798 2376 in
821 2322 939 2397 propriis
960 2319 1073 2378 humeris
1097 2320 1225 2392 gestatio·

123 2402 353 2482 epitrachelium„
369 2403 462 2480 inquit
482 2402 647 2479 Balsamon,
672 2404 811 2480 significat
833 2403 917 2462 lorum
943 2403 1012 2461 illud
1032 2418 1083 2480 quo
1102 2403 1162 2458 uita
1186 2399 1224 2458 od

122 2488 338 2548 morton‘trocto
357 2496 405 2548 set.
448 2489 525 2563 qnod
551 2493 646 2552 eutem
673 2488 812 2546 Menrsius
836 2488 968 2565 opinatur
993 2482 1029 2548 sd
1050 2479 1224 2563 inopinos

122 2591 186 2632 esse
209 2569 245 2636 ub
267 2569 492 2654 ἐποτραχήλιον,
520 2573 551 2630 id
576 2569 687 2632 difficile
705 2573 814 2630 creditu
830 2572 883 2630 erit
902 2573 955 2630 illis
977 2572 1026 2646 qui
1046 2565 1080 2632 rei
1098 2563 1223 2646 ἐπωμό-

122 2659 192 2722 dmo
215 2660 331 2738 propius
349 2660 387 2718 ad
403 2651 676 2740 oipsopdosoo'quam
689 2659 727 2720 ud
742 2653 952 2737 ἐπιτραχῆλιον
962 2657 1093 2717 accedere
1108 2659 1221 2714 norunt.

209 2742 243 2822 4)
259 2745 386 2803 orarium
429 2743 558 2803 diaconus
571 2745 720 2820 angelicum
737 2746 845 2810 sortitus
861 2743 985 2815 ordinum,
997 2741 1089 2816 inquit
1100 2739 1225 2817 Simeon,

115 2829 177 2909 fort
191 2831 221 2890 in
243 2831 356 2890 humeris
372 2830 441 2908 quod
460 2823 593 2912 ω’ροίριον
618 2829 771 2900 nominant,
793 2827 862 2907 quod
884 2831 964 2906 quusi
984 2828 1053 2908 alos
1066 2825 1160 2898 loiri,
1189 2831 1222 2883 ut

119 2913 227 2978 illorum
245 2917 401 2993 spirituum,
422 2935 477 2996 qua
491 2920 645 2992 praestant,
665 2913 856 2989 intelligentiae
877 2914 1034 2972 celeritatem
1056 2910 1219 2970 dnnoustret.

120 3006 243 3080 quercet
259 3001 395 3062 cinnum
403 3001 495 3079 jacies
509 3001 655 3060 oboelnnlia
668 2997 792 3073 imitans,
813 3001 869 3078 ipse
883 3017 998 3078 quonum,
1015 2999 1220 3071 donengium,

119 3085 310 3163 quodammodo
332 3092 363 3144 ut
384 3089 425 3146 rei
443 3085 552 3150 diuinos
569 3089 701 3163 particeps
721 3090 746 3144 et
766 3083 919 3144 administer
937 3082 1068 3161 futurus,
1095 3085 1219 3158 operitur.

119 3173 150 3232 in
164 3173 223 3247 ipso
233 3173 295 3228 item
310 3175 396 3232 orario
411 3175 526 3230 sanctus
539 3175 653 3228 sanctus
667 3175 780 3228 sanctus
796 3173 923 3248 scriptum
941 3174 994 3242 est,
1015 3187 1068 3244 ,spuo
1082 3169 1219 3228 minuun-

118 3258 206 3315 torius
230 3261 379 3320 sanctorum
403 3256 558 3332 angelornm
576 3255 639 3314 ordo
661 3259 827 3332 etprimilur.
869 3253 1034 3330 gestabatur
1053 3253 1169 3310 orarium
1189 3249 1219 3310 in

118 3340 243 3401 sinistro*
259 3341 382 3400 humero.
424 3342 455 3402 S.
481 3339 701 3416 Chrysostomus
728 3340 759 3396 in
781 3336 924 3416 Liturgia:
951 3333 985 3404 τὸ
1014 3332 1068 3416 μὲν
1087 3330 1221 3415 dndnoou

118 3419 333 3506 ἀσπασάμενος
358 3425 510 3501 ἐπιτίθησι
531 3429 573 3508 τῷ
593 3420 738 3507 ἀριστερῷ
759 3420 843 3503 ὤμῳ.
886 3419 1005 3498 liguram
1024 3421 1132 3483 diaconi
1154 3440 1217 3478 ora-

117 3514 189 3570 rium
207 3512 346 3588 portentis
362 3509 541 3576 rabuinum
557 3509 702 3600 Gregorius
717 3529 736 3568 c
750 3503 854 3568 Wolfio
867 3507 944 3566 editi.
985 3525 1078 3586 apage
1092 3505 1152 3565 illos
1168 3501 1217 3578 qui
1335 3547 1342 3555 .
1372 3528 1375 3535 ·

116 3595 174 3656 hoc
194 3598 315 3656 orarium
327 3595 427 3658 volunt
440 3614 503 3656 esse
522 3593 678 3675 tupoyiiou
695 3596 750 3657 rod
767 3587 948 3673 neccoloco,
968 3593 1107 3652 sudarium
1121 3589 1218 3646 sudori

116 3681 318 3760 abstergendo,
335 3679 386 3744 nai
401 3674 627 3762 χειρόμακτρον,
649 3679 776 3736 manibus
790 3678 945 3756 purgandis
967 3683 996 3736 et
1011 3672 1214 3750 abstergendis.

115 3767 177 3826 sint
197 3768 270 3826 enim
290 3770 379 3826 moreh
397 3766 523 3846 prolenis
539 3763 723 3844 scriptoribus
740 3783 777 3823 ea
796 3783 869 3839 quae
887 3763 1028 3822 Arnobins
1044 3767 1127 3818 vocat
1144 3756 1217 3816 mucss

116 3855 205 3926 droia,
223 3853 278 3912 hoc
296 3857 341 3910 est
357 3852 444 3910 lintea
464 3852 585 3928 minuta,
608 3848 708 3924 quibus
734 3854 764 3908 et
784 3867 880 3908 rancus
896 3848 1004 3908 narium
1025 3850 1055 3902 et
1075 3843 1161 3900 sudor
1181 3861 1217 3912 ex,

117 3936 198 3994 vultu
224 3956 342 3996 manans
364 3937 553 4014 abstergitur,
584 3940 669 4016 prout
697 3935 811 4014 copiose
834 3934 959 3994 ostendit
979 3928 1164 3990 Caecubonus
1185 3927 1217 3996 in

116 4022 194 4082 notis
213 4023 251 4080 ed
267 4021 394 4081 Flavium
414 4021 579 4101 Vopiscum:
599 4022 628 4078 in
650 4019 766 4080 ecclesio
786 4027 881 4080 tamen
899 4016 1020 4076 orarium
1042 4029 1123 4073 sacra
1141 4013 1216 4070 stola

116 4113 195 4183 eret,
214 4113 245 4168 et
257 4107 336 4168 nullo
348 4108 433 4168 modo
452 4126 470 4165 a
486 4108 603 4166 diacono
620 4105 763 4164 induenda
779 4105 822 4162 uel
839 4102 954 4164 terenda
963 4105 998 4159 ut
1011 4097 1115 4187 sudarii
1127 4098 1218 4159 vicem
1231 4091 1253 4144 P
1271 4089 1321 4146 18³

114 4191 234 4250 subiret.-
274 4193 339 4268 quis
355 4211 424 4270 ergo
444 4191 609 4251 einsnsus‘l
639 4210 696 4248 non
719 4190 841 4248 omnium
857 4187 976 4246 vestium
993 4201 1135 4254 sacrarum
1147 4201 1215 4242 usus

113 4277 304 4354 exquirendus
320 4283 380 4338 est:
405 4278 508 4338 sufficit
529 4293 625 4338 omnes
646 4275 774 4336 inventas
791 4281 821 4334 et
841 4271 1015 4360 introductas
1030 4287 1094 4327 csse
1113 4269 1151 4327 nd
1169 4288 1215 4328 or-

1343 4165 1368 4219 J
