3050 4924
467 316 674 388 GRETSERI
709 316 977 388 Pnooeussuut.
1221 339 1258 396 ux

157 530 258 586 uectus
279 521 376 581 Iunius
397 538 417 580 e
436 515 608 596 Morquurdo
626 515 748 578 Frebero
767 517 920 597 integriore
938 517 1119 600 exemplnrin,
1142 519 1259 582 adiectis

156 624 245 708 priori
269 622 387 683 editioni
408 620 517 698 aliquot
543 618 676 700 pagellis,
706 619 808 698 quibus
828 619 942 680 lucuuus
965 620 1114 682 nonnullos
1125 622 1258 704 explevit,

156 745 263 789 nomen
282 743 365 784 suum
385 723 529 802 professus
548 727 603 802 est,
622 721 820 800 Codinumque
835 720 959 782 Frehero
972 722 1131 805 inscripsit,
1162 724 1205 786 iu
1224 731 1259 787 nt

156 827 334 910 europalate
352 826 408 886 iem
432 824 523 886 tribus
543 822 669 903 petronis
691 823 812 904 stipatu
831 822 861 882 in
880 822 1022 903 publicum
1041 825 1157 887 venerit
1200 846 1267 890 me·-

155 932 213 992 rito
229 936 325 992 tumen
340 927 496 1007 culpandus
516 930 562 986 est
579 925 691 1006 Iunius,
722 926 801 1005 quod
818 943 920 986 novem
939 926 1090 988 editionem
1103 947 1162 988 non
1175 929 1260 990 udor-

155 1033 280 1094 maritet
299 1051 320 1092 a
340 1049 373 1090 se
392 1028 477 1108 pleno
493 1046 575 1088 succo
593 1046 708 1108 sparsos
721 1045 829 1088 errores
848 1046 907 1086 uon
920 1029 1071 1089 conexuit
1083 1029 1196 1092 adiutis
1212 1051 1259 1090 oo-

155 1134 268 1195 dicibus
288 1129 474 1191 bibliothecae
487 1127 630 1190 Palatinae
647 1134 678 1189 et
700 1126 853 1209 Raphaelir
873 1129 971 1191 Seileri
989 1130 1156 1211 exemplari,
1180 1133 1259 1210 quod
1367 1157 1371 1166 ⁴

155 1243 221 1299 eret
232 1234 429 1316 apographum
443 1233 541 1314 optimi
554 1231 655 1294 codicis
667 1227 842 1312 Augustaniz
861 1251 928 1292 ncrn
941 1233 1083 1293 Codinum
1093 1232 1159 1294 olim
1172 1233 1260 1293 fuisse

155 1339 188 1399 in
211 1336 383 1398 bibliotheca
401 1335 523 1414 inclytae
542 1333 582 1395 rei
601 1331 726 1414 publicae
745 1329 929 1415 Augustanus
959 1335 1042 1396 testis
1071 1340 1116 1396 ert
1140 1335 1260 1398 Wolfius

155 1442 333 1521 praefatione
351 1441 389 1500 ed
413 1435 543 1498 Nicetam
563 1440 593 1496 et
609 1435 670 1517 ipse
683 1434 823 1517 Seilerus,
847 1438 897 1517 qui
909 1436 976 1496 iude
988 1436 1097 1498 Graece
1109 1436 1258 1518 descripsit

156 1550 189 1605 et
202 1542 307 1604 Latine
323 1542 427 1620 vertit,
450 1537 564 1600 tametsi
581 1538 735 1602 versionem
752 1559 834 1600 suom
852 1539 883 1600 in
903 1539 1005 1630 vulgus
1025 1539 1101 1600 exire
1112 1558 1258 1618 nunquam
1319 1598 1326 1614 ,

156 1645 292 1724 permisit
334 1645 397 1704 dieo
412 1641 478 1704 olim
490 1642 590 1702 fuisse:
609 1642 665 1702 inm
678 1641 753 1704 criu
773 1661 832 1704 uon
850 1648 909 1723 est,
935 1643 990 1704 scd
1005 1643 1124 1704 amium
1137 1648 1198 1722 est,
1223 1649 1258 1704 ut

155 1751 225 1807 ante
243 1747 354 1824 aliquot
379 1763 469 1803 curuos
500 1762 535 1804 ex
550 1743 718 1822 amplissimo
742 1744 855 1805 domiuo
878 1743 978 1806 Murco
998 1745 1129 1809 Webero
1140 1744 1170 1806 11
1198 1743 1259 1804 viro

156 1845 328 1928 unguem
353 1845 492 1906 uoles:
522 1844 644 1904 neoto
663 1845 740 1906 cuo
759 1828 932 1926 mglgenuo
958 1845 1260 1926 corrumperem

155 1954 202 2008 tot
227 1968 297 2028 ergo
322 1949 453 2010 subsidiis
469 1949 620 2008 incretos
647 1947 760 2029 lunius,
784 1951 949 2030 praesertim
968 1931 1152 2032 truuslntione
1171 1945 1261 2006 Seile·

154 2049 251 2129 riuus,
273 2050 396 2114 debebat
411 2051 585 2113 Codinuma
603 2049 758 2134 capitem
776 2051 880 2112 onlnem
898 2069 1116 2133 recognoscere,
1141 2047 1261 2129 plurimu
1384 2123 1398 2151 θ

155 2156 187 2210 et
206 2152 371 2230 gravissimu
400 2151 502 2214 dendo
529 2152 698 2231 emendare,
740 2150 898 2230 librumque
923 2152 961 2214 ab
983 2151 1125 2214 erroribus
1143 2150 1261 2210 liberum

156 2250 254 2313 lectori
281 2273 447 2334 proponere
487 2273 585 2316 verum
608 2253 678 2314 nibil
701 2253 803 2316 horum
824 2255 987 2336 praestitit,
1021 2255 1076 2316 nisi
1098 2251 1195 2331 quod,
1227 2249 1263 2310 ut

155 2359 242 2414 autea
265 2355 381 2437 dictum,
404 2356 536 2439 pauculus
559 2343 685 2438 pegdlne
700 2357 807 2436 primae
825 2377 859 2419 ec
873 2358 1104 2420 mendosissimae
1117 2373 1186 2416 sune
1202 2351 1263 2412 edi·

157 2457 230 2518 tioui
249 2458 353 2540 assuit,
377 2467 486 2522 mutulo
506 2459 608 2540 titulo,
636 2458 735 2520 eddito
758 2478 834 2520 novo
853 2466 975 2542 petrono
997 2455 1188 2542 eppqsitoque
1208 2474 1262 2515 suo

157 2558 279 2620 nomine
324 2579 383 2642 quo
401 2563 464 2644 ipso
484 2563 579 2624 fucum
597 2547 748 2622 lectoribus
766 2561 850 2642 feeit,
887 2562 969 2640 quusi
987 2579 1092 2623 novem
1111 2558 1263 2620 editionem

156 2667 317 2743 promeret,
341 2682 417 2728 enno
435 2666 528 2747 1596,
552 2685 617 2726 cum
635 2681 695 2726 non
710 2625 796 2726 berit
815 2683 891 2728 nove
911 2663 964 2726 sed
983 2664 1089 2746 primu,
1114 2661 1163 2726 illu
1182 2658 1264 2722 nimi·

156 2782 219 2825 rum
238 2765 303 2846 ipse
322 2785 396 2846 quse
414 2787 490 2830 anuo
513 2767 595 2837 1588
616 2767 770 2848 prodierat.

241 2865 382 2930 Demea
406 2870 530 2930 editione
557 2874 588 2930 et
615 2870 821 2932 commeutnriis
847 2888 906 2931 non
934 2868 1027 2930 bnbeo
1053 2866 1133 2946 qnod
1162 2863 1267 2952 dicum.¹

156 2985 263 3046 ecquos
278 2969 397 3032 lectores
409 2971 513 3032 loboris
526 2971 582 3032 mei
593 2973 714 3034 arbitros
729 2991 793 3034 esse
805 2971 879 3033 volo.
919 2991 1026 3052 aequos
1038 2971 1170 3049 inquom:
1194 2983 1262 3026 uum

155 3068 268 3149 iniquos
282 3091 342 3132 uon
358 3092 461 3136 moror.
503 3074 529 3134 si
552 3075 623 3153 quid
643 3081 783 3138 murrum
806 3075 865 3154 sit,
890 3075 969 3136 errius
991 3073 1065 3136 rutio
1078 3073 1108 3132 in
1121 3087 1262 3132 commen-

158 3173 235 3232 trriis
249 3191 309 3234 uon
328 3175 473 3256 redditur,
489 3179 600 3238 noveris
618 3178 649 3238 id
671 3184 773 3239 culex
791 3177 901 3240 duobus
921 3177 1014 3238 Boicis
1027 3182 1058 3236 et
1070 3171 1261 3236 Luutherieno

157 3274 298 3336 codicibus
312 3282 363 3336 eut
376 3295 410 3338 ex
424 3277 573 3360 perspicua
585 3280 695 3340 ratione
713 3281 841 3362 petitum
884 3279 946 3341 vale
963 3279 1089 3360 feliciter,
1112 3276 1152 3348 uni
1165 3275 1261 3340 lector.

156 3374 323 3458 ingolstadii
337 3399 412 3442 anuo
426 3381 525 3442 solutis
542 3382 631 3450 1620.
