3034 4916
263 235 348 356 'aaa
437 277 714 354 accusemur
728 275 1257 352 comroommunmms.
1359 273 1365 377 j

342 464 369 518 p.
379 445 415 502 46
442 464 470 502 a.
487 447 518 501 6..
529 444 592 515 uuio]
610 443 764 516 prono-luia
779 439 814 498 oui
824 443 923 514 plurale
934 445 974 498 out
983 438 1054 509 turio
1063 443 1091 499 lu
1101 443 1184 521 primo
1195 460 1276 514 mua
1292 445 1321 501 iu
1330 461 1373 502 ra·

274 515 349 590 liquis
365 517 417 580 σοῖς
435 522 463 572 et
479 509 543 580 ίσᾶς
560 519 679 586 eorrppto
695 514 845 586 pronuntiat
861 513 982 570 Graecia.
1000 579 1004 587 ι

346 617 382 672 ila
401 635 428 674 v.
444 619 470 674 7.
487 614 572 686 θεός]
594 617 636 670 oui
651 619 730 672 verbo
747 615 827 670 aldor
843 633 876 670 ex
892 616 1051 686 Horologlo,
1067 619 1098 670 ut
1114 617 1149 671 ait
1174 615 1291 670 moduine
1305 617 1373 672 iute-
1425 655 1428 663 ·

275 705 340 758 ger,
362 687 419 740 τῶν
441 682 572 753 πατέρων
587 681 666 758 ἡμῶν
681 683 697 740 ὁ
713 687 802 740 ποιῶν
814 680 860 742 ciat
877 679 942 753 μεθ’
961 682 1040 755 ἡμῶν
1056 681 1129 740 κατὰ
1147 680 1201 754 τὴν
1217 679 1269 754 σὴν
1291 679 1374 740 luot-

276 773 373 824 ιιειαν,
393 749 431 826 μὴ
449 749 607 826 ἀπιστήσῃς
625 752 658 810 τὸ
679 751 754 818 ἔλεός
771 771 822 810 σου
842 749 891 821 ἀφ’
908 749 1004 840 ἡμῶν,
1027 750 1098 812 ἄλλοί
1124 759 1187 816 ταῖς
1204 749 1297 808 αὐτῶν
1317 751 1374 810 tna-

275 825 348 886 σίαις
367 817 397 879 ἐν
415 819 513 895 ιίγὴνῃ
539 819 711 909 κυβέρνησον
734 819 787 896 τήν
812 820 885 894 ζωὴν
907 825 995 893 ημῶν.
1032 826 1075 896 pol
1096 825 1263 877 chronirmum
1286 841 1374 880 monu-

274 896 379 1018 glfrgrum
401 893 428 948 iu
452 894 593 966 onpcriona
616 894 723 949 salutem
744 893 862 948 emmaum
885 894 989 964 require
1009 892 1037 948 iu
1089 910 1169 948 enaeo
1192 901 1264 948 retro
1280 892 1375 948 Nonae

322 981 396 1018 crum.

360 1054 397 1112 at.
418 1071 446 1114 v.
469 1055 518 1116 12.
555 1051 821 1132 protapostolarius]
849 1052 928 1113 rides
948 1057 979 1111 et
998 1050 1043 1110 hic
1063 1069 1167 1118 nomen
1188 1051 1375 1112 Graecanicae

275 1139 446 1217 ambitionis,
466 1140 544 1216 quod
566 1140 640 1198 inter
657 1137 720 1198 illos
742 1140 790 1216 qui
810 1139 969 1218 apostolum
981 1137 1100 1197 Paulum
1113 1137 1224 1217 publice
1233 1138 1375 1219 legebant,

275 1225 331 1286 hoc
349 1229 396 1284 eat
415 1225 489 1284 inter
509 1225 713 1306 apostolarioa,
733 1225 882 1284 voluerunt
901 1225 1005 1285 habere
1026 1223 1305 1304 protapoatolarium.

348 1340 386 1397 λλ.
403 1355 431 1393 v.
451 1337 491 1396 17.
508 1335 528 1408 ἡ
543 1337 594 1407 τῆς
612 1337 784 1408 λειτουργίας
801 1331 870 1408 ὥρα]
884 1355 963 1460 lgarae
986 1339 1035 1392 hau
1052 1337 1094 1391 die
1109 1339 1141 1392 ab
1158 1347 1217 1393 orto
1234 1339 1288 1394 oola
1305 1339 1376 1393 deoi-

277 1425 320 1462 ma
342 1415 390 1462 eat.
423 1407 461 1461 ita
486 1413 565 1477 typus
588 1407 704 1463 hodierni
726 1409 807 1468 officii
830 1407 862 1462 ad
912 1425 978 1461 onae
1005 1408 1100 1461 calcem
1122 1408 1238 1478 ponitur.-
1260 1406 1325 1477 περί
1343 1403 1376 1462 ol

278 1475 357 1543 ὥραν
375 1474 495 1547 δεκάτην
511 1477 638 1545 σημαίνει
655 1472 688 1530 τὸ
707 1472 779 1547 μέγα
796 1483 853 1543 eto,
876 1477 911 1532 ud
931 1477 1047 1546 aynuxim
1069 1477 1189 1531 videlicet
1209 1495 1376 1549 vesperarum

275 1546 432 1670 ffibpndma
458 1547 550 1618 quibua
575 1545 655 1599 finiu‘a
675 1547 799 1618 καθεξῆς
821 1542 841 1618 ἡ
858 1545 925 1600 θεία
940 1545 1096 1618 λειτουργία
1111 1547 1163 1601 τοῦ
1179 1545 1302 1618 μεγάλου
1320 1550 1376 1600 Βα-

318 1633 387 1670 δολί.

345 1701 381 1754 a't.
401 1717 428 1753 r.
446 1702 490 1755 2⁰.
515 1702 624 1758 sabbato
649 1701 691 1755 uel
707 1699 832 1756 dominica
847 1700 967 1758 ieiunium
986 1703 1095 1758 Graecia
1111 1703 1234 1760 illicitum.
1269 1719 1325 1756 eam
1342 1703 1375 1756 ob

274 1785 330 1825 rem
348 1769 372 1824 oi
389 1769 512 1824 natalium
527 1771 628 1825 Ohmati
643 1771 732 1824 (liebus
752 1770 892 1824 huiuamodi
909 1787 964 1825 sors
981 1773 1051 1826 ferat
1068 1773 1192 1826 celebrari
1210 1771 1375 1856 pervigilium,

274 1849 303 1894 ut
319 1857 335 1894 a
352 1839 457 1923 ieiunio·
467 1840 608 1924 abftiuoat3
624 1841 782 1925 itamioaam
799 1848 921 1894 consueto
938 1849 1067 1926 tempore,
1087 1843 1154 1911 qnod
1171 1842 1223 1926 dien
1239 1843 1376 1925 tertiaeet,

272 1915 459 2034 liutto:
473 1910 1105 2050 :ltlsslltlmfftlu‘llulmtss'ttt
1120 1927 1266 2052 uffo?
1272 1911 1376 2049 5523]

272 2047 399 2114 handum,
422 2063 531 2116 vespere
554 2049 727 2115 solummodo,
751 2065 802 2116 quo
825 2049 1029 2117 vespertinarum
1053 2049 1153 2102 laudum
1170 2055 1270 2117 tempus
1288 2049 1376 2116 instat,

274 2117 349 2170 rimul
365 2131 422 2168 oum
437 2115 500 2183 iprio
518 2125 637 2173 enitatur
654 2117 743 2182 miroa3
762 2133 812 2186 qna
829 2117 900 2170 linita
919 2117 970 2171 cibi
988 2119 1106 2189 capiendi
1117 2119 1149 2170 tit
1160 2123 1284 2188 potestas.
1311 2119 1375 2170 hoec

274 2203 307 2238 ex
323 2185 376 2238 ritu
390 2182 466 2238 huius
482 2185 533 2240 diei
549 2187 577 2238 in
593 2185 703 2240 Menaao
719 2186 870 2257 reperiendo
887 2187 920 2240 ad
939 2187 1013 2240 lauiuo
1029 2185 1081 2240 loci
1096 2187 1289 2258 expositionem.

281 2349 284 2356 .
357 2313 386 2372 p.
402 2291 483 2356 liv.
498 2293 528 2355 8.
549 2298 616 2372 post
635 2294 710 2353 hunc
729 2292 845 2372 liturgia
863 2293 1019 2372 perficitur]
1046 2293 1153 2352 habent
1173 2293 1249 2352 hunc
1270 2313 1376 2354 morem
1427 2304 1431 2313 “
1501 2289 1502 2320 ³

212 2380 215 2387 '
272 2377 391 2456 Graeci,
418 2383 451 2437 ut
479 2377 509 2436 in
541 2381 755 2458 quadragesima
775 2380 873 2439 diebus
897 2381 989 2437 ieiunii
1010 2385 1040 2441 et
1060 2381 1090 2438 in
1109 2378 1211 2456 vigiliis
1233 2379 1376 2464 liturgiam

176 2462 178 2467 ’
271 2483 321 2523 sen
345 2465 458 2524 missam
478 2463 619 2524 celebrent
641 2486 659 2525 a
678 2466 802 2542 meridie,
823 2471 852 2524 et
869 2471 902 2524 nt
918 2465 984 2524 hinc
1003 2471 1132 2544 apparet,
1152 2470 1220 2544 post
1233 2484 1374 2544 vesperas.

271 2551 300 2608 in
321 2549 460 2610 Paschate
480 2550 594 2628 liturgia
610 2551 644 2612 iit
664 2558 731 2612 ante
751 2551 819 2608 solis
841 2557 977 2610 exortum.
1019 2549 1079 2608 aliis
1108 2550 1207 2608 ‹iiebrus
1226 2551 1299 2608 hora
1318 2556 1363 2609 ter

272 2637 322 2714 tia,
344 2643 481 2712 tanquam
500 2641 643 2714 consueta,
664 2643 697 2695 ut
717 2637 801 2697 docet
822 2635 937 2695 Gabriel
957 2635 1208 2716 Philadelphiensis
1225 2637 1375 2716 episcopus

271 2721 302 2780 in
322 2741 376 2780 suo
397 2725 433 2780 de
453 2724 633 2780 sacramentis
653 2721 755 2781 libello.

343 2820 378 2873 ib.
396 2836 423 2872 v.
445 2821 487 2874 13.
512 2815 654 2889 ἀλλάσσει]
678 2837 729 2874 non
750 2825 850 2888 matut,
880 2819 926 2872 aed
943 2818 1027 2890 potino
1043 2818 1147 2886 induit,
1172 2811 1206 2872 eo*
1223 2809 1320 2871 ἐπάνω
1337 2817 1375 2870 ni-

273 2887 363 2942 mirum
381 2883 485 2957 ἔνδυμα
502 2897 553 2943 eto.
588 2890 623 2942 ad
638 2891 672 2946 28
688 2896 775 2942 notam
791 2889 932 2960 superioria
947 2887 1055 2959 capitio,
1073 2887 1153 2941 amice
1168 2887 1265 2952 lector,
1287 2903 1375 2941 recur-

273 2973 316 3010 ras
333 2974 435 3027 precor.

167 3043 189 3096 P
207 3043 257 3100 197
357 3048 422 3106 ι’λίιί.
453 3045 591 3124 οιίιιοιιὶο]
619 3047 674 3108 hoc
687 3047 877 3132 *imperatoris
903 3054 1018 3126 tegmen
1043 3046 1155 3104 videtm
1176 3064 1195 3105 a
1214 3045 1308 3126 speeie
1328 3043 1376 3102 lilii

272 3136 406 3195 tritoniae
423 3151 526 3210 nomen
547 3134 694 3213 invenisse,
715 3139 749 3192 ut
768 3139 799 3193 et
815 3132 885 3191 illud
906 3132 1126 3212 tetraplyllama
1141 3137 1275 3208 quattuor
1291 3131 1374 3196 loliis.

270 3220 417 3297 utriusque
442 3219 568 3279 meminit
596 3219 786 3299 Glossarium,
820 3220 872 3278 sed
896 3219 980 3280 nudis
1000 3217 1125 3295 solisque
1144 3217 1236 3278 verbis
1260 3215 1373 3294 Codini,

270 3305 348 3366 uuila
367 3306 550 3385 explicatione
569 3305 704 3366 adhibita

337 3419 490 3488 κοινωνίαν
506 3436 625 3474 coeman
641 3421 708 3475 tillia
723 3419 901 3474 nveflououlia
911 3418 939 3472 in
950 3435 1042 3488 gyrum
1052 3418 1248 3490 germinantem
1291 3416 1372 3470 core-

268 3489 322 3544 oiuu
346 3491 374 3542 iu
400 3489 542 3560 resumptis.
585 3488 720 3544 Beluamon
741 3490 866 3546 Meditato
887 3489 920 3544 de
941 3489 1052 3544 incensio
1077 3495 1128 3542 eto.
1156 3487 1223 3542 luriu
1240 3485 1325 3540 GRl.
1342 3487 1372 3541 lt
1401 3487 1404 3492 '

267 3559 364 3633 κρίνος
378 3550 410 3613 ἐκ
429 3557 578 3629 κοινωνίας
591 3556 794 3630 συλλεγόμενος.

337 3647 402 3699 ibid.
421 3640 625 3714 τειροὶφυλλου]
643 3646 766 3700 (locarius
781 3646 849 3700 idem
864 3644 941 3698 docet
957 3642 1033 3699 aliam
1053 3660 1172 3698 coronam
1189 3658 1261 3708 oute,
1289 3659 1306 3694 e
1321 3656 1372 3709 qua

268 3721 391 3840 griffi?
408 3713 522 3782 floaouii,
547 3715 582 3768 ud
597 3715 708 3770 frontem
722 3715 839 3770 nimirum
856 3720 884 3769 et
900 3713 1011 3785 sinciput
1029 3732 1062 3769 uo
1078 3713 1111 3767 ud
1126 3719 1260 3783 utrumque
1276 3727 1371 3776 aurem,

351 3876 386 3935 it.
404 3890 431 3934 v.
445 3875 497 3936 21.
517 3872 670 3950 flammula]
689 3872 790 3932 dicitur
811 3867 845 3935 ari
862 3873 1032 3954 flammulam
1052 3877 1083 3931 et
1102 3867 1139 3933 roi
1148 3871 1303 3953 flammula,
1323 3867 1372 3930 ali-

268 3962 383 4037 quando
404 3958 521 4037 simplici
542 3984 581 4038 μ,
601 3960 742 4017 interdum
763 3959 913 4035 geminato.
957 3959 1059 4020 dicitur
1076 3957 1161 4017 etiam
1176 3957 1296 4036 flumula
1311 3958 1371 4034 flu-

268 4048 368 4122 mutue,
390 4063 493 4122 genere
513 4042 656 4104 feminino.
697 4043 833 4122 Vegetius
854 4048 872 4107 3
896 4037 932 4107 5:
954 4045 1075 4122 aquilae,
1097 4043 1240 4117 dracones,
1260 4039 1370 4111 οανίίίσ,

265 4131 439 4210 flammulae,
461 4127 539 4207 tusae
558 4151 604 4189 aea
625 4129 729 4209 tuphae.
772 4130 872 4188 merito
892 4134 987 4188 autem
1001 4128 1181 4207 reprehendit
1190 4125 1305 4204 Lipsius
1319 4119 1372 4184 [4

271 4215 308 4272 (lc
330 4213 432 4275 Militia
451 4213 581 4274 Romana
600 4214 662 4274 illos
680 4215 728 4292 qui
748 4215 826 4294 apud
846 4212 997 4293 Vegetium
1006 4214 1139 4296 fluctuatus
1152 4218 1266 4271 mutant
1279 4212 1309 4269 in
1322 4211 1372 4269 fla·

271 4299 377 4360 moola:
398 4321 413 4360 ο
431 4299 511 4378 male,
530 4301 633 4382 iuquit,
653 4304 812 4363 obstineant.
854 4306 884 4361 et
903 4301 1003 4362 merito
1023 4305 1120 4360 monet
1140 4303 1173 4359 ut
1195 4297 1371 4366 abstinemt3
1404 4375 1407 4382 .
