2942 4916
506 333 554 403 m
582 326 732 408 nonnil
758 335 844 408 GAP.
867 337 912 406 V.
1177 339 1253 413 267

158 501 308 562 Basibcue:
328 500 508 583 κορτιλίνσι,
534 494 661 576 εδτελιΐς
681 498 819 586 θυρωροὶ
846 503 904 566 reri
923 503 1115 586 πραιτωρίου.
1137 506 1256 570 obeerra

159 588 270 648 Iunium
285 588 347 667 hic,
369 580 431 650 ἄλλ’
451 579 509 650 οὖν
521 581 602 649 κᾶτα
614 585 765 664 ἵστανται,
787 579 844 650 οὖν
858 587 981 668 accipere
994 609 1046 670 pro
1058 585 1097 653 cii
1103 616 1113 669 ,·
1131 593 1256 670 dicitque

160 670 193 737 τδ
210 681 229 738 ν
249 691 312 734 εσσε
325 674 449 752 ineptam
467 690 631 752 paragogen
652 673 813 732 recentioris
837 674 986 751 Graeciee3
1006 675 1092 752 idque
1110 679 1257 739 confirmat

159 778 195 819 ex
217 757 278 820 aliis
298 757 408 818 duobus
425 758 527 817 Codini
546 757 630 833 locis,
650 757 698 816 ubi
718 763 802 836 putat
826 750 883 821 orio
903 778 956 839 pro
979 755 1018 821 cii
1033 761 1136 840 accipi.
1159 783 1257 824 verum

160 863 214 903 uos
227 844 322 923 potius
336 844 474 904 credimus
484 843 592 902 duobus
605 841 657 901 illis
670 842 747 922 locis,
761 863 785 903 c
807 844 844 908 14
861 850 891 904 et
912 865 936 904 c.
954 845 992 906 17
1012 840 1046 908 ιδ
1062 847 1158 907 iesse
1176 867 1258 908 essu·

160 936 286 988 mentum
306 929 394 1009 inepti
414 928 531 1007 librarii,
559 927 763 1006 legendumque
785 919 837 1004 ου’,
857 945 916 988 nou
939 919 1010 992 crint
1031 948 1065 989 eo
1086 933 1256 994 eutemloce

161 1015 269 1093 dequo
286 1014 331 1074 hic
343 1015 497 1096 loquimur,
518 1004 575 1079 cdv
589 1021 662 1076 recte
676 1014 759 1097 poni,
779 1031 872 1095 neque
891 1034 944 1096 pro
957 1014 1098 1094 negative
1119 1018 1256 1099 particulo

161 1093 199 1164 ori
212 1101 349 1182 usurpari.

230 1201 266 1252 λδ.
282 1213 310 1255 ν.
329 1199 371 1255 18.
388 1199 439 1269 τῆς
457 1193 633 1268 aperietur]
649 1197 767 1265 videant,
786 1197 870 1268 inquit
886 1196 1031 1264 Mennim,
1051 1213 1083 1253 an
1100 1202 1172 1252 recte
1188 1200 1256 1254 edu·

162 1268 290 1322 rationem
306 1275 333 1322 et
350 1269 493 1323 oratorimn
512 1269 562 1322 riri
580 1268 648 1322 docti
663 1269 713 1322 eint
729 1267 900 1338 interpretati.
933 1285 1066 1339 uuequam,
1083 1267 1190 1322 Meurri.
1213 1273 1256 1322 eet

162 1337 272 1390 enimin
288 1338 418 1408 profanis,
434 1338 541 1393 theatris
558 1347 586 1392 et
603 1337 770 1409 epectucuiie,
785 1333 934 1406 πρόκυφις.
968 1353 1000 1391 eu
1016 1337 1188 1391 Geuueneium
1198 1354 1255 1390 ma·

162 1408 286 1474 girtrmm
306 1424 362 1460 cum
382 1408 532 1478 proceribus
549 1414 633 1460 artene
661 1425 744 1462 coram
769 1407 923 1476 imperatore
947 1402 987 1468 είς
1010 1399 1061 1460 τδν
1080 1401 1181 1473 καιρδν
1202 1406 1254 1474 τῆς

161 1473 327 1542 προκύψειος
344 1495 367 1529 c.
386 1479 413 1532 7.
447 1476 569 1530 orationis
588 1477 674 1529 ioreau
691 1476 828 1546 temperet
846 1477 895 1528 iuro
911 1493 972 1528 vero
985 1475 1098 1544 prendi,
1113 1471 1192 1546 μέχρι
1203 1475 1255 1542 τῆς

162 1541 309 1613 τραπέζης.
344 1547 371 1598 iu
388 1546 497 1600 ecclesie
513 1546 555 1600 vei
570 1543 683 1599 sacello?
715 1554 814 1599 tuntum
831 1546 921 1598 ebeetr
943 1545 970 1596 iu
989 1544 1113 1611 triclinio,
1136 1543 1180 1598 ubi
1197 1560 1255 1597 eum

163 1614 403 1681 crimenentur,
420 1613 460 1678 είς
475 1609 528 1684 τήν
543 1610 723 1683 παράστασιν.
758 1631 821 1683 ergo
838 1613 901 1666 nihil
918 1612 1037 1667 remotiue
1053 1614 1086 1666 eb
1102 1612 1216 1668 oratorio
1227 1614 1256 1666 et

162 1683 314 1736 adoratione
330 1701 405 1752 quam
422 1679 570 1751 πρόκυφις.
605 1701 637 1735 eu
654 1684 744 1736 iterum
761 1683 829 1752 apud
849 1683 971 1736 Comneni
987 1683 1066 1735 filiam
1083 1682 1101 1737 1.
1121 1683 1256 1740 unientur

162 1757 240 1822 puter
256 1749 321 1816 περὶ
337 1747 372 1804 τοὶ
391 1749 532 1819 κρήδεμνα
548 1747 695 1818 προκύψας
711 1747 804 1819 ὁμιλεῖ
817 1755 876 1812 τοῖς
898 1747 1045 1813 Σκύθαιςι
1077 1768 1107 1804 ατ
1128 1753 1255 1804 moenium

160 1822 251 1891 pinnie
269 1821 410 1874 inclinatae
427 1821 531 1889 Scytbie
555 1821 725 1888 colloquitcrr
748 1819 808 1887 quid
827 1825 884 1870 oret
899 1825 943 1871 aut
959 1819 1020 1888 quid
1037 1819 1144 1883 ederet,
1171 1819 1256 1874 nullue

161 1887 288 1956 agnuecit.
322 1889 411 1943 eodem
421 1889 485 1942 libro
497 1888 634 1956 imperator
650 1889 715 1940 idem
731 1881 789 1942 cirri
804 1889 855 1947 rori
871 1886 978 1956 τείχους
992 1886 1162 1956 προκύπτει,
1178 1905 1257 1956 egre·

162 1959 206 2026 gie
223 1975 285 2010 eene
300 1957 451 2020 distractus,
469 1957 561 2026 quide
577 1956 692 2012 oratione
707 1975 757 2010 non
769 1957 950 2028 eeteoiiicitue.
984 1963 1112 2010 caeterum
1124 1957 1184 2027 quid
1194 1973 1256 2026 ger·-

96 2081 101 2102 ¹
161 2022 955 2164 titttrittittt‘rtti‘ttidt‘t‘dttt
972 2025 1258 2149 tiburtii:

162 2181 220 2217 που
236 2157 348 2232 ὑψηλοῦ
364 2156 497 2234 έξαίφνης
513 2135 627 2233 φανείς,
646 2161 770 2234 ποιήσας
791 2133 844 2233 τῆν
865 2164 918 2218 nde
941 2113 1090 2233 λέγομέένην
1106 2160 1258 2234 πρόκυψικ,

161 2235 195 2287 de
212 2233 269 2286 luco
285 2233 399 2286 nimirum
414 2234 577 2288 eminentiore
593 2236 838 2304 prospectcticnenr,
855 2251 887 2288 ec
906 2233 974 2303 quod
995 2234 1050 2287 eiue
1068 2234 1175 2286 thronue
1198 2250 1260 2303 eup-

165 2303 280 2373 pedeueo
297 2319 328 2356 ac
346 2303 458 2372 pluribus
475 2305 596 2372 gradibus
614 2303 726 2356 elevetur
746 2320 802 2356 eum
819 2302 890 2356 velut
907 2302 1032 2356 acclinem
1052 2301 1085 2354 de
1096 2303 1199 2356 excelru
1211 2319 1260 2371 po·

165 2373 250 2444 pulum
268 2371 336 2424 iutra
352 2372 460 2441 positum
478 2373 605 2442 respicere
623 2372 781 2426 concederet.
815 2372 882 2424 baud
900 2377 1021 2426 memorat
1038 2369 1156 2441 quidem,
1179 2371 1262 2441 apti·-

162 2442 225 2495 eime
245 2447 329 2494 tumen
344 2438 486 2509 πρόκυψιν
502 2441 623 2494 describit
642 2443 775 2509 Gregoras
793 2439 827 2500 ad
845 2445 981 2493 extremam
1006 2438 1127 2492 historiae
1154 2439 1258 2493 calcem.

163 2504 251 2580 δῆλόν
267 2503 324 2563 ἔστι
341 2513 401 2572 τοῖς
416 2505 521 2563 ἅπασιν
538 2505 575 2571 ὦς
595 2505 628 2562 αλ
643 2512 695 2563 τοῦ
717 2503 851 2563 Ιέπιπέδου
876 2503 906 2563 ἐκ
932 2503 1083 2576 διαμέτρου
1107 2501 1195 2593 cinopo
1214 2525 1259 2570 τες

162 2581 219 2633 τῶν
236 2579 384 2650 βασιλικῶν
399 2579 543 2644 τρικλίνων
560 2573 718 2647 ἀμφότεραι
733 2574 915 2646 ῆπέρκεινταιί
927 2594 984 2629 που
1001 2577 1053 2631 τοῦ
1074 2577 1175 2646 μιταξυ
1195 2525 1258 2633 έπε-

162 2644 252 2704 ιιέδου
269 2644 333 2718 ἄχρι
349 2645 397 2702 καλ
413 2645 441 2710 ές
454 2648 548 2717 τρίτον
566 2648 722 2718 σπιθαμῆς,
744 2643 794 2702 καλ
809 2643 926 2716 μάλιστα
942 2641 999 2714 ὅπη
1015 2641 1066 2700 καὶ
1083 2639 1099 2699 ὁ
1118 2639 1258 2716 βασιλικὸς

164 2713 258 2786 ἕστηκε
275 2713 397 2786 θρόνος,
422 2713 457 2771 ἵν’
475 2717 540 2780 ίσως
557 2713 604 2788 ἔχη
622 2735 650 2770 τι
665 2711 720 2770 κᾶν
736 2713 826 2770 καίτοι
842 2712 929 2770 πλέον
945 2715 1000 2770 τῶν
1023 2711 1114 2770 ἄλλων
1139 2710 1155 2767 δ
1179 2714 1259 2798 βασι·

202 2781 306 2804 ενι
599 2781 610 2806 ρ

164 2789 228 2848 λευς
245 2803 403 2854 ισταμενος,
428 2783 458 2841 έν
475 2804 507 2840 τε
518 2791 581 2849 ταῖς
597 2789 685 2853 ιεραΐς
699 2769 869 2855 ὑμνῳδίαις,
895 2781 944 2838 καλ
960 2779 1006 2838 ὅτε
1026 2779 1181 2853 διαλέγοιτο
1205 2803 1257 2839 νυν

162 2851 215 2924 μέν
230 2860 290 2917 τοῖς
303 2851 440 2924 ὑπηκόοις
455 2857 508 2909 νῦν
528 2851 561 2909 δέ
584 2860 644 2917 τοῖς
663 2850 692 2919 ἐξ
718 2851 811 2910 {dede
835 2848 991 2924 πρέσβεσιν.
1027 2848 1132 2919 ἐξεῖναί
1151 2871 1180 2922 με
1201 2848 1258 2922 μῆν

163 2920 207 2979 ἐπ’
224 2919 330 2993 ἐκείνης
347 2927 396 2991 τῆς
411 2922 530 2986 στάσεως
546 2919 641 2979 uideni
655 2927 711 2978 τοῖν
728 2920 863 2977 ἁπάντων
879 2925 920 2994 τῷ
937 2923 1047 2992 βασιλεῖ
1064 2921 1257 2991 συνίστασθαι,

162 2990 237 3063 πλήν
253 2995 303 3063 τῆς
319 2991 436 3062 συζύγου
453 2990 502 3048 καλ
517 2994 573 3048 τοῖν
589 2989 674 3046 υἴέων
690 2991 739 3047 καὶ
755 2994 811 3046 τῶν
833 2989 962 3060 ἀδελφῶν
968 3031 977 3061 ,
1002 2992 1158 3060 προσθείην
1176 2988 1201 3045 δ’
1219 2982 1257 3046 de

162 3061 212 3117 orori
228 3063 283 3117 τῶν
297 3059 511 3132 πατραδέλφων.
547 3062 655 3115 observa
672 3064 790 3116 Graecos
807 3062 959 3125 hodiernoe,
977 3069 1006 3114 ut
1028 3061 1134 3130 aliquem
1153 3062 1258 3114 iubeant
1300 3072 1306 3086 ·

163 3151 179 3186 e
198 3134 312 3185 fenestra
328 3133 371 3185 rei
385 3134 481 3186 exedra
497 3133 658 3203 prospicere,
681 3131 766 3184 dicere
783 3128 855 3197 κίφι
872 3132 915 3184 vel
932 3127 1030 3199 σκίφι.
1064 3147 1097 3184 au
1119 3128 1259 3197 πρόκυφις
1332 3162 1335 3172 ·

162 3202 198 3254 eit
217 3202 281 3254 illud
296 3201 446 3268 περίδοξον
462 3201 632 3270 προσκήνιον
649 3201 791 3272 βασιλικῆς
805 3195 907 3269 αιἰλῆς,
922 3200 948 3252 iu
964 3216 1015 3269 que
1026 3198 1163 3251 moriturus
1175 3199 1258 3252 Tibe-

162 3271 216 3324 riue
235 3271 268 3324 ad
285 3277 400 3326 renatum
416 3272 556 3325 cretionem
573 3271 677 3335 habuit,
699 3277 730 3322 ut
748 3269 820 3322 initio
836 3270 854 3321 l.
874 3272 888 3324 l
908 3269 990 3321 refert
1000 3268 1148 3330 Simocutta,
1165 3274 1193 3320 et
1204 3268 1259 3320 Ce-

164 3341 256 3394 dreuue
274 3340 301 3392 iu
321 3339 462 3395 Iustinieuo
479 3335 651 3408 προσκήνιον
666 3339 717 3406 τῆς
739 3337 892 3408 βασιλικῆς,
920 3336 982 3389 mihi
1002 3335 1101 3406 pectore
1124 3341 1164 3390 eet
1185 3336 1261 3388 indu·

163 3410 245 3462 biumr
264 3415 304 3462 cet
320 3409 385 3461 enim
403 3410 470 3481 quod
490 3409 604 3461 Zonaras
619 3404 816 3479 τριβουναίλιον
831 3405 858 3458 in
877 3405 988 3458 eiuedeuu
1004 3405 1057 3457 vita
1069 3405 1189 3476 appellat.
1212 3405 1261 3457 tri-

162 3479 291 3604 bupplium
308 3484 392 3601 cupere
410 3479 465 3535 eive
479 3478 591 3532 tribuual
603 3478 700 3547 regium
720 3475 781 3546 quid
800 3475 868 3530 uliud
887 3491 963 3544 quam
975 3470 1130 3546 πρόκυφις,
1155 3475 1189 3529 de
1210 3487 1262 3544 que

163 3566 195 3601 no
214 3565 237 3602 re
255 3564 338 3603 eermo

249 3655 315 3714 ibid.
334 3633 518 3713 Bardariotce
538 3674 556 3713 a
574 3652 709 3712 Bardcrio
724 3651 839 3710 flumine
851 3651 1049 3727 Macedoniae,
1071 3649 1148 3707 cuius
1168 3646 1265 3705 memi-

164 3742 207 3800 nit
228 3739 393 3801 Wilhelmue
414 3739 519 3817 Tyrius
543 3740 609 3799 belli
631 3738 702 3798 sacri
727 3739 749 3799 2
781 3739 822 3802 13
848 3743 881 3796 et
912 3736 956 3802 14.
984 3739 1021 3795 de
1054 3733 1155 3811 quibus
1179 3731 1273 3824 paulo,
1364 3734 1366 3746 ’

161 3826 473 3906 postplurecodiuus.
766 3850 767 3858 ι
1158 3825 1163 3832 ’

232 3941 297 3995 ibid.
332 3941 470 3994 Pereerum
490 3939 622 4008 antiquum
640 3955 720 4008 genus
740 3955 757 3991 a
774 3936 918 4008 Theophila
935 3935 1091 4003 imperatore
1110 3931 1178 3985 circe
1196 3931 1262 3986 Bar-

165 4009 262 4064 darium
279 4009 446 4063 Macedoniae
463 4008 584 4076 flurium,
601 4006 687 4074 Ἀξιόν
702 4008 773 4077 priue
785 4007 900 4070 dictum,
925 4023 957 4058 ex
975 4004 1092 4066 chure,
1114 3999 1264 4055 translatum

165 4079 280 4133 aflurio
297 4096 386 4132 nomen
406 4078 513 4148 accepit.
550 4087 641 4132 auctor
665 4078 743 4133 inira.
778 4077 832 4130 Leo
852 4073 1043 4128 Grammaticue
1059 4070 1086 4122 in
1103 4069 1263 4139 Theopbiior

165 4145 255 4219 τούτῳ
275 4143 450 4233 προσέφυγεν
476 4143 622 4218 Θεόφσβσς
639 4143 748 4214 Πέρσης
765 4141 823 4213 ἅμα
839 4143 882 4214 epi
897 4139 984 4210 πατρὶ
1000 4134 1089 4193 αὐτοῦ
1103 4132 1172 4222 perci
1190 4138 1262 4205 Περ-

164 4218 220 4269 σῶν
235 4218 369 4285 χιλιαδαν
384 4216 644 4283 τεσσαρεσκαίδεκα,
663 4211 712 4278 οδς
728 4210 862 4282 διένειμεν
879 4199 961 4272 οὗτος
978 4203 1009 4264 ἐν
1022 4211 1083 4270 τοῖς
1098 4210 1201 4276 depereo
1213 4224 1263 4260 κα-

164 4283 342 4352 τασιηυώσας
357 4282 407 4338 καὶ
423 4281 464 4345 είς
479 4281 601 4354 τούρμας
616 4278 850 4352 ἀποκαταστήσας
855 4320 865 4352 ,
894 4277 923 4336 oi
939 4274 1019 4350 μέχρι
1035 4277 1152 4333 roderic
1168 4272 1261 4346 λέγον-

164 4369 211 4407 ται
225 4356 343 4425 τοῦρμαι
354 4353 477 4424 Περσῶν.
