2942 4916
230 337 304 414 242
391 336 600 406 GRETSERI
614 337 670 404 ET
685 335 818 405 eorm
835 331 1168 402 COMMENTARIUS

228 513 356 573 armeta.
376 505 453 587 apud
473 503 657 566 Hinemarnm
672 503 754 582 epist
774 498 834 565 sc.
850 501 891 566 16
906 497 993 561 habes
1006 501 1146 578 mendis,
1169 499 1254 577 quod
1263 497 1330 560 olim
1408 593 1410 604 Ι
1446 543 1449 552 2

228 595 331 676 summi
341 592 493 654 cancellarii
505 610 607 650 nomen
619 591 706 652 fuisse
719 588 767 646 ait

314 689 459 750 Addamus
473 696 504 748 et
516 690 570 750 hoc
581 694 698 768 propter
710 686 913 764 cognationem.
936 678 1120 765 σιλεντιᾶοης
1140 688 1171 744 et
1187 676 1330 747 oriented-

230 800 297 860 ριος
309 776 406 836 crebro
420 781 568 836 occurrunt
581 775 610 832 in
626 774 798 832 Graecorum
811 771 906 847 libris,
923 776 956 829 ut
970 776 1000 828 et
1028 769 1183 832 σιλέννιον.
1204 769 1334 848 duplices,

229 863 330 922 statuit
355 861 545 938 Glossarium,
573 859 675 920 alteros
694 858 829 934 minores,
857 875 976 932 quorum
998 875 1099 914 munus
1119 855 1206 914 fuerit
1223 853 1331 933 populo

229 948 370 1008 sitentium
387 946 524 1024 indicere,
553 950 583 1002 et
599 951 633 1002 ut
656 943 796 1002 silentium
814 947 957 1001 teneretur
975 940 1074 998 sedulo
1093 958 1207 1021 curare,
1225 938 1331 998 alteros

228 1033 363 1110 maiores,
384 1032 490 1110 quippe
511 1035 670 1089 senatores:
691 1034 724 1086 ut
744 1028 817 1085 enim
836 1045 853 1086 a
877 1032 972 1085 secreto
996 1024 1162 1083 dicebantur
1184 1027 1331 1096 secretarii,

229 1119 270 1176 sic
283 1137 301 1177 a
313 1118 417 1177 silentio
431 1117 575 1176 riteutrbrii
587 1114 756 1174 audiebant:
776 1131 842 1170 nam
858 1111 923 1186 quia
942 1116 1086 1168 senatores
1107 1116 1216 1170 secreta
1234 1116 1331 1185 tegere

230 1201 373 1262 debebant
391 1207 420 1260 et
433 1201 514 1259 silere
532 1200 665 1258 derebus
685 1198 714 1256 in
732 1197 936 1272 semiunciis,
957 1197 1022 1256 ideo
1039 1199 1176 1256 secretarii
1198 1201 1228 1254 et
1247 1195 1332 1252 siten-

229 1291 309 1347 tiarii
320 1305 422 1347 nomen
439 1287 479 1344 eis
500 1285 645 1357 adhaesit:
667 1283 794 1360 quumvis
816 1283 950 1341 sitentium
967 1280 1112 1339 dicebatur
1135 1281 1221 1339 etiam
1239 1279 1332 1338 oratio

231 1391 317 1449 quam
330 1373 359 1430 in
375 1372 494 1443 cilentio,
515 1371 569 1429 hoc
584 1369 671 1428 estin
689 1373 808 1445 senatu,
827 1367 907 1426 initio
923 1367 1155 1442 quadragesimae
1176 1365 1331 1446 imperator

231 1457 363 1517 habebat.
406 1455 533 1514 Zonaras
557 1453 682 1514 Leonem
705 1451 902 1532 philosophum
925 1452 1121 1528 imperatorem
1149 1452 1221 1510 adeo
1245 1449 1330 1507 iliacis

232 1543 375 1602 doloribus
389 1547 519 1599 vexatum
533 1559 594 1600 esse
611 1542 808 1600 commemorat
830 1543 863 1596 ut
884 1537 1039 1612 nequiverit
1060 1536 1164 1596 habere
1180 1536 1211 1596 in
1228 1539 1332 1596 senatu

229 1625 300 1708 περὶ
314 1627 453 1706 νηστείας
469 1622 526 1705 τήν
541 1619 664 1704 συνήθη
678 1617 828 1708 dediciis,
847 1616 870 1703 ἢ
879 1628 1011 1686 καλεῖται
1026 1619 1182 1684 σιλέντιον.
1223 1621 1332 1680 Cedre-

230 1729 299 1770 uus:
325 1713 472 1774 celebrior:
495 1709 659 1792 γενομένου
684 1713 843 1786 congregato
869 1713 971 1768 renota.
1013 1706 1139 1766 Miscella
1161 1707 1280 1765 historia
1300 1704 1331 1764 in

230 1795 341 1857 Leone:
362 1796 497 1855 sitentium
518 1801 609 1854 contra
630 1801 738 1854 soncior
755 1813 788 1854 uc
811 1793 969 1852 vereatis:
989 1793 1130 1851 celebravit
1152 1795 1252 1852 ireres.
1278 1809 1332 1848 nec

231 1882 331 1942 Graeci
349 1881 392 1940 his
406 1881 531 1940 contenti
545 1883 674 1940 fuenmt:
695 1880 780 1938 etiam
792 1897 858 1941 suas
871 1879 902 1936 in
916 1877 1028 1940 chartas
1044 1875 1250 1942 transtulerunt
1262 1876 1331 1934 haec

231 1985 307 2027 mere
329 1965 434 2026 Latina
453 1966 566 2026 nomina
590 1965 728 2042 σένννον,
755 1965 814 2022 sive
837 1965 976 2041 οἰνντον,
1004 1959 1154 2046 σενοὶτοορ,
1187 1954 1330 2043 nescivere,

231 2045 380 2132 cqndrup.
401 2052 466 2111 vide
480 2052 605 2113 Glossar.
627 2048 834 2113 Graeco-Barb.

316 2195 345 2256 p.
359 2178 401 2239 22
415 2197 440 2237 v.
457 2181 506 2242 19.
526 2177 641 2238 Retinui
656 2175 885 2238 nominatiores:
899 2179 931 2236 et
952 2175 1056 2236 olosma
1074 2181 1107 2235 et
1125 2176 1243 2251 tndtoe,
1262 2174 1331 2250 quia

232 2261 342 2339 aptiora
354 2281 411 2321 uon
424 2265 621 2324 occurrebant:
643 2283 709 2322 nam
720 2283 793 2341 quae
807 2262 903 2322 Iunius
917 2263 1010 2331 adfert
1024 2262 1132 2340 deiero
1142 2263 1255 2334 etima,
1272 2277 1330 2318 non

231 2348 312 2404 nnius
328 2348 398 2406 assis
412 2350 544 2424 aestimo;
564 2352 635 2408 adeo
656 2353 724 2409 sunt
743 2349 850 2408 frivola.
893 2347 1020 2406 Codinus
1041 2347 1141 2406 trullae
1155 2346 1268 2406 nomine
1287 2345 1331 2402 in-

231 2431 332 2510 telligit
346 2433 411 2512 pilei
421 2453 560 2495 summam
573 2439 701 2514 partem,
723 2453 779 2512 qua
800 2433 940 2493 clauditur
955 2438 986 2491 et
1005 2433 1087 2508 quasi
1106 2436 1330 2491 concameratur:

185 2523 188 2530 ’
229 2523 276 2576 est
293 2519 366 2576 euim
385 2519 470 2580 trullo
489 2539 540 2578 seu
561 2521 660 2580 multon
680 2539 731 2578 seu
751 2520 845 2578 trucidor
865 2518 957 2578 fornix
974 2516 1033 2576 sive
1058 2517 1277 2592 commmatio,
1297 2517 1332 2572 ut

231 2607 313 2681 patet
338 2621 373 2661 ex
400 2605 512 2663 Codino
533 2605 550 2663 l.
577 2607 613 2664 de
641 2606 778 2682 Originib
813 2603 988 2681 Cpolitanis,
1019 2602 1068 2660 ubi
1097 2603 1158 2679 agit
1181 2603 1218 2660 de
1246 2599 1331 2658 trulla

230 2705 351 2763 magnae
365 2689 496 2749 ecclesiae
513 2695 708 2750 constructae
725 2689 879 2748 iustiniano
896 2694 927 2746 et
943 2692 1075 2765 reparata
1095 2706 1113 2746 a
1127 2686 1246 2745 Iustino.
1266 2683 1331 2742 hinc

229 2772 315 2830 etiam
328 2774 452 2848 synodus
468 2774 605 2834 Truliana
615 2794 665 2833 seu
682 2775 712 2834 in
729 2773 843 2852 Trullo,
865 2776 932 2850 quia
955 2773 1052 2832 habita
1069 2776 1114 2830 est
1132 2773 1163 2830 iu
1181 2769 1330 2832 secretario

229 2855 343 2934 palatii,
373 2860 451 2932 quod
475 2859 635 2937 imitatum,
664 2866 698 2922 ut
724 2861 766 2919 sic
791 2860 900 2936 dicam,
928 2878 980 2917 seu
1008 2863 1232 2916 concameratum
1261 2859 1332 2916 erat.

230 2940 317 2999 verbo
334 2947 573 3022 τροολλοῦσθνι,
594 2965 646 3023 pro
665 2944 774 3009 inritum
789 2946 947 3024 aedificare,
966 2944 1055 3001 utitur
1068 2942 1196 3000 Codinus
1208 2941 1226 2999 l.
1241 2961 1266 3001 c.
1386 2939 1390 2950 “

182 3197 184 3202 v
230 3065 661 3199 „o1d⁰r⁰gii“dc⁸¹iid⁰0⁰i²iii
686 3063 1330 3204 {isif⁰iii⁰⁹miiiitii¹i“dissidii-fiii?

229 3204 290 3280 tur,
314 3216 365 3252 non
390 3200 465 3254 modo
490 3219 610 3256 summum
632 3211 730 3274 partem
754 3206 858 3272 :positu
881 3203 1021 3270 significat,
1047 3204 1094 3256 sed
1118 3209 1200 3256 totum
1224 3201 1329 3271 pileum,

230 3271 495 3352 qprltotnsjporitoq
513 3271 584 3327 cuius
602 3271 797 3342 descriptionem
815 3271 877 3324 satis
893 3271 977 3341 ample
996 3271 1123 3342 posuimus
1140 3269 1234 3341 cepitis
1250 3285 1328 3340 supe-

229 3350 305 3418 ruppe
322 3344 390 3390 notus
411 3340 493 3411 prima
517 3346 545 3394 et
567 3335 692 3403 monada:
722 3338 827 3410 uirisque
842 3341 870 3394 in
894 3340 1007 3393 secunda
1031 3346 1202 3409 memoratus,
1226 3334 1328 3409 estqui

230 3403 323 3496 drmtpr
337 3405 365 3460 in
381 3407 512 3476 praesenti
527 3404 619 3481 ἄνοον
633 3411 685 3465 τοῦ
702 3409 846 3479 σνινδίον,
858 3409 942 3481 οὖρος
958 3409 1008 3478 τῆς
1024 3405 1152 3479 cerritus.

295 3539 341 3599 p.
357 3524 398 3584 23
412 3541 440 3581 v.
458 3523 504 3586 11.
520 3543 584 3601 sqq.
604 3525 723 3584 Variani
743 3525 788 3584 bic
804 3525 914 3583 codices
933 3522 1027 3600 Boici,
1044 3529 1077 3581 ut
1099 3523 1195 3582 notavi
1214 3519 1280 3580 olim
1299 3521 1328 3579 in

120 3689 122 3694 .
228 3603 303 3664 notis
318 3608 356 3665 ad
370 3605 518 3668 Codinum.
532 3612 583 3668 sed
600 3630 646 3670 res
671 3611 745 3670 tanti
761 3629 819 3669 non
838 3615 897 3683 est;
918 3609 1033 3686 vulgata
1046 3609 1129 3667 lectio
1145 3607 1236 3688 prob'a
1251 3607 1328 3670 mihi.

294 3753 340 3816 „p
358 3731 400 3799 24
413 3754 439 3794 v.
459 3739 485 3797 1.
513 3736 678 3814 siromasten]
702 3734 798 3794 Iunius
819 3754 876 3794 non
895 3741 972 3793 recte
993 3734 1196 3813 interpretatur
1211 3733 1328 3812 ferens:

228 3817 347 3893 clocam,
368 3826 401 3906 ut
426 3825 509 3899 patet
528 3838 562 3880 ex
583 3841 606 3880 c.
628 3825 669 3885 25
689 3821 894 3897 Nummorum,
914 3820 962 3877 ubi
982 3821 1121 3899 scriptura
1138 3820 1175 3877 de
1193 3818 1327 3878 Phinees:

226 3900 395 3984 antistitis
410 3899 609 3985 cecropium
627 3905 659 3968 ἕν
682 3910 722 3990 τῇ
742 3908 817 3988 χειρί
837 3912 890 3964 etc
912 3904 963 3967 :roi
978 3897 1177 3985 α’πεκέννησεν
1190 3897 1328 3982 ἀμφοτέ-

227 4009 316 4071 ρους,
336 3985 389 4052 riv
407 4011 439 4051 τε
461 3986 630 4068 ἄνθρωπον
643 3985 697 4051 τόν
713 3987 895 4070 Ἱσραηλίτην
909 3988 960 4051 uoti
977 3985 1034 4066 τήν
1051 3995 1180 4068 γυναῖκα
1201 3985 1253 4051 deci
1273 3991 1328 4068 τῆς

114 4103 122 4124 s
225 4067 341 4152 μήτρας
354 4067 457 4152 αὐτῆς.
477 4094 535 4133 non
548 4093 616 4152 crgo
631 4074 793 4152 fuitclava‚
811 4079 863 4136 sed
879 4073 1056 4134 retiaculum
1076 4075 1120 4134 vel
1138 4073 1231 4134 herm
1262 4075 1326 4133 binc

225 4155 329 4233 Aquila
343 4160 428 4217 vertit
443 4154 568 4230 κοντόν,
590 4160 773 4236 Symmachus
788 4159 873 4240 δόρυ.
895 4160 1011 4238 vulgata
1031 4160 1131 4218 editio:
1153 4164 1258 4237 arrepto
1270 4178 1324 4237 prr-

224 4247 303 4318 gicne
316 4244 438 4322 confodit
452 4245 547 4304 amtor.
569 4246 679 4304 notavit
692 4245 767 4305 hunc
780 4244 851 4307 lunii
865 4265 986 4304 errorem
1001 4244 1141 4322 Rigaltius
1155 4245 1185 4304 in
1200 4244 1324 4303 Glossnr.

223 4346 249 4388 v.
264 4331 424 4391 siromasten.
444 4331 524 4416 apud
535 4329 696 4396 Cedreuum
713 4351 742 4414 p.
765 4331 829 4395 700
851 4330 913 4393 Leo
935 4330 1106 4393 Melisseum.
1121 4331 1251 4410 increpat
1269 4331 1324 4388 fra·
