2942 4916
435 257 647 348 lmcomul
665 267 749 342 Gdl’.
780 265 841 340 IV.
917 289 920 296 ·
1129 272 1204 342 23³

10 477 14 492 x
97 431 167 493 erote
189 423 216 484 λ’
241 422 376 500 ἐνδύμασι
398 425 472 486 κατά
491 426 527 486 rrl
548 426 690 504 άνάλογστ
712 423 821 504 ἑκάστῳ
843 425 953 501 ermae
975 426 1206 504 καλυττσμίκαις,

104 494 169 554 ὅσοι
184 495 211 552 δ’
228 491 259 554 ἒν
275 494 385 573 ἡλικίᾳ,
409 497 527 564 τούτους
543 493 576 555 di
592 498 701 565 πάντας
716 499 853 568 καθάπαξ
878 495 1039 557 άκάλυτττον
1061 497 1134 572 ,ἔχειν
1152 500 1207 573 τήν

103 564 247 638 κεφαλήν,
273 569 341 623 unde
358 570 465 626 eumad
483 570 575 641 ephebi
592 576 704 626 oetatem
719 571 861 642 processit.
882 579 945 624 tuuc
969 577 1065 626 tantum
1086 573 1209 643 despotae

103 655 154 710 per
170 654 265 692 morem
281 640 322 692 fas
340 649 381 693 est
396 647 465 693 tecto
481 641 566 710 capite
583 640 610 692 in
624 639 718 709 palatio
736 639 820 694 ceruie
838 657 903 710 puer
919 639 990 694 enim'
1001 641 1099 694 nonnisi
1117 650 1207 712 aperto

103 715 239 774 versetur,
265 707 302 761 eit
318 715 407 762 auctor
424 710 509 778 capite
526 709 671 780 superiorer
698 703 745 764 tut
764 709 888 778 κσφαλῆς
911 705 952 763 ἔτι
976 705 1040 771 νέος
1065 705 1118 779 plo
1134 704 1206 766 cirri

104 770 242 846 δεσπότης
265 780 352 845 φορεῖ
375 772 406 831 ἐν
435 778 475 847 τῷ
500 778 626 852 παλατίςο
649 773 742 834 οὐδέν.
784 777 845 848 pilei
868 777 1021 849 descriptum
1045 793 1062 832 a
1085 780 1208 848 Gregors

103 847 211 901 formam
230 845 331 898 dixerat
347 847 406 900 olim
422 847 529 900 Nicetes
545 847 684 903 Andronici
700 847 719 904 1.
734 848 752 902 2
769 863 785 900 s
811 847 928 900 barbaris
949 853 1097 918 acceptam:
1113 853 1208 914 ,πῖλον

106 907 282 986 βαρβαρικὸν
295 915 332 986 τῇ
347 917 455 986 κεφαλῇ
477 913 672 986 παραθέμενος,
697 909 728 978 ὃς
744 911 784 977 είς
800 910 851 982 ὀξὺ
869 912 960 986 λήγων
977 916 1112 986 πυραμίδι
1129 917 1207 972 είκα-

104 999 180 1057 orere.
214 983 332 1053 proprius
348 990 434 1039 tamen
450 991 477 1038 et
494 984 625 1040 familiaris
650 986 687 1040 ita
709 984 826 1038 redditus
851 993 904 1052 est,
932 991 962 1038 ut
986 1003 1037 1038 non
1059 987 1141 1038 sonna
1163 986 1208 1039 sed

105 1051 232 1106 materiae
254 1053 419 1124 colorumque
441 1055 496 1108 eius
512 1055 647 1109 ⁴varietate
669 1061 773 1108 senator
795 1054 903 1122 quilibet
928 1061 956 1107 et
978 1055 1075 1107 aulicus
1094 1054 1209 1108 minister

106 1120 258 1187 dignitatem
275 1124 444 1191 spectantium
461 1124 541 1182 oculis
560 1125 752 1188 manifestarem
778 1140 829 1192 qua
853 1121 955 1176 ratione
972 1123 1081 1176 Nicetes
1097 1123 1163 1176 idem
1181 1125 1208 1177 in

106 1189 198 1244 Alexio
221 1191 347 1244 Manuelis
375 1193 400 1245 F
428 1195 611 1262 συγκλητικοῖς
634 1187 826 1261 ἐξύφασμένον
846 1193 898 1262 τῆς
920 1192 1043 1260 κεφαλῆς
1068 1188 1208 1260 κάλυμμα,

104 1276 156 1330 pro
179 1277 223 1312 mo
264 1267 338 1313 etum
363 1262 551 1332 (συγκλητικοί
575 1261 641 1316 enim
664 1279 715 1314 non
738 1264 872 1315 senatores
888 1261 964 1314 modo
982 1261 1028 1314 sed
1045 1266 1072 1313 et
1088 1277 1208 1330 proceres

107 1328 193 1381 cuncti
234 1328 347 1396 icuntur)
376 1339 403 1385 et
426 1332 572 1400 officiorum
595 1331 728 1385 verietate
750 1331 834 1384 coriis
850 1331 977 1384 coloribus
994 1335 1019 1384 et
1035 1331 1148 1382 moterlo
1165 1332 1209 1382 dl-

106 1415 199 1462 oemu,
222 1399 337 1469 componi
351 1397 386 1452 ex
406 1400 568 1465 apsuetudiue
585 1397 730 1453 affirmavit.
771 1399 917 1470 logothetae
932 1397 994 1469 pilei
1011 1387 1208 1470 descriptionem

105 1473 169 1520 uota
183 1466 291 1536 interior
307 1485 333 1539 p.
350 1470 402 1524 238
419 1469 451 1522 ad
467 1487 495 1542 p,
513 1469 546 1524 19
562 1488 586 1523 v.
608 1469 625 1524 3
642 1466 783 1524 exhibebit.

188 1576 272 1654 p.17
285 1593 311 1637 v,
326 1575 354 1636 9.
382 1573 541 1649 κλαοωτάν
562 1575 658 1634 Iunius
686 1574 792 1651 ubique
801 1575 899 1634 'vertit
919 1593 1087 1654 squameum,
1113 1593 1204 1653 exque
1220 1571 1242 1628 P
1261 1571 1312 1629 198

103 1657 210 1720 Arabia
236 1667 266 1719 et
284 1661 368 1738 Syria
388 1660 526 1720 cunabula
546 1665 669 1722 accersit.
700 1659 815 1722 ridicule
835 1679 969 1739 prorsus,
998 1661 1065 1737 quia
1090 1668 1135 1720 est
1154 1683 1209 1724 vox

102 1743 311 1824 ruereLotiue,
332 1747 468 1806 elocutum
482 1765 534 1804 seu
555 1747 695 1820 clocutus,
714 1742 796 1826 παρά
817 1742 851 1806 τά
872 1739 986 1818 τλάντος
1006 1746 1066 1806 sive
1086 1740 1208 1826 κλάβος,

104 1831 207 1890 clonae.
226 1831 291 1890 hinc
304 1827 490 1912 χρυσόκλαβα
503 1837 532 1890 et
546 1831 802 1912 χρυσοκλαβαρικά
814 1831 985 1910 chrysoclavo
995 1849 1046 1888 seu
1057 1833 1208 1906 unrr'cluoa,

105 1916 252 1992 dequibus
261 1917 453 1996 iamsupraad
461 1937 488 1996 p.
498 1916 551 1980 5v.
560 1919 589 1983 8.
609 1919 665 1976 oirt‘
671 1915 749 1988 docti,
762 1915 855 1992 inquit
868 1915 1093 1994 Glossarium7lid
1104 1922 1148 1975 est
1161 1917 1210 1976 lu-

105 2001 181 2078 nius,
194 2007 293 2080 putent
303 2021 449 2062 erreoocem
459 2003 577 2062 Arabum
585 2007 610 2060 et
617 2001 755 2080 Syrorum,
771 2000 1019 2080 quoemereLatr'na
1028 2007 1075 2076 ert,
1089 2008 1115 2060 et
1128 2004 1209 2062 aliter

105 2091 312 2164 intepretentur
325 2106 405 2164 quom
416 2088 552 2149 debebunt.
574 2105 659 2164 quam
674 2087 808 2146 benevole
822 2087 957 2146 transfert
970 2087 1009 2146 ad
1023 2085 1116 2166 plures
1132 2089 1211 2164 quod

105 2171 194 2230 solius
212 2171 284 2230 Iunii
299 2175 356 2230 est!
377 2177 407 2230 et
428 2191 514 2248 quam
532 2174 618 2231 amice
635 2173 680 2231 bic
696 2177 726 2230 et
744 2171 809 2231 alibi
829 2172 1008 2249 gravissimos
1031 2171 1090 2232 eius
1112 2172 1210 2255 lapsus

106 2257 217 2334 tangit!
238 2257 342 2335 ubique
352 2258 429 2334 quod
439 2257 535 2316 Iunius
550 2257 697 2336 deliravit,
718 2256 772 2316 boc
785 2257 837 2316 riri
847 2258 923 2316 docti
932 2259 1067 2317 fecerunt
1093 2337 1097 2344 ¹

177 2365 335 2441 κλακοιτόν]
358 2371 453 2440 duplex
476 2371 547 2426 filum
574 2387 693 2438 aureum,
722 2387 798 2424 unum
826 2369 922 2424 ductile
943 2385 1101 2440 purumque,
1137 2371 1211 2443 quasi

106 2439 231 2505 solidum,
255 2441 323 2512 aliud
340 2440 436 2492 ductile
452 2439 568 2509 quidem,
595 2439 642 2494 sed
660 2439 734 2492 molis
751 2446 835 2493 tusum
854 2447 881 2492 et
905 2455 1034 2509 pressum,
1059 2439 1142 2492 serica
1165 2441 1212 2494 fils

107 2509 293 2565 circumvestit.
325 2509 432 2580 primum
455 2503 545 2579 σάρμα
567 2515 623 2576 est,
641 2525 674 2563 or
696 2509 778 2577 troil,
803 2507 941 2564 secundum
965 2505 1114 2564 κλαπατόν
1136 2516 1211 2564 tetre

108 2579 331 2649 circumpositum,
347 2595 377 2634 or
386 2579 448 2649 fite.
1169 2607 1171 2610 -

194 2694 232 2756 ib.
253 2711 279 2754 v.
296 2697 344 2758 to
374 2691 561 2763 δικσνίιιιον,
586 2687 668 2776 παρά
694 2687 727 2756 τά
751 2691 840 2771 δίκη,
868 2692 971 2771 passim
996 2691 1115 2750 occurrit
1133 2691 1211 2770 apud

107 2780 258 2840 Codicum.
300 2779 397 2838 Iunius
424 2778 528 2853 ubique
547 2779 633 2836 vertit
653 2775 782 2858 sceptrum
798 2778 933 2838 iudiciale.
960 2782 1057 2854 potest
1078 2768 1133 2836 lox
1149 2779 1212 2858 ipsa

108 2867 220 2924 Graeca
243 2865 369 2937 retineri3
396 2869 493 2942 potest
518 2863 680 2924 &coniciam
704 2863 866 2943 simpliciter
895 2864 966 2922 verti
990 2869 1126 2940 sceptrum.
1162 2863 1212 2921 ali»

108 2952 225 3029 quando
247 2969 310 3008 cum
332 2949 368 3007 de
388 2947 552 3026 patriarchis
574 2955 605 3007 et
629 2949 769 3028 episcopis
797 2967 887 3008 sermo
918 2953 977 3026 est,
998 2952 1031 3005 ut
1050 2967 1078 3025 p.
1103 2949 1162 3011 103
1184 2967 1210 3006 v.

108 3039 169 3114 22,
190 3037 306 3095 rectius
329 3035 501 3106 ,redderetur
529 3033 633 3112 pedum.
665 3035 702 3092 'iu
736 3033 942 3112 Turcograecia
977 3039 1094 3092 vocatur
1125 3035 1212 3096 δεκα-

109 3122 210 3186 νίκιον
228 3119 295 3200 (οἰσὶ
308 3120 345 3178 sit
362 3119 583 3198 typograpbicus
596 3116 686 3199 error)
701 3141 729 3200 p.
750 3119 806 3198 15,
826 3120 876 3178 ubi
896 3120 932 3178 de
956 3117 1104 3178 Gennadio
1124 3119 1213 3198 patri·

109 3206 196 3268 archo
218 3211 248 3264 et
262 3206 431 3284 imperatore
454 3204 589 3264 Turcieo:
612 3204 704 3278 lelium
727 3204 809 3286 χερσί
834 3202 965 3267 δέδωκεν
989 3197 1071 3286 crispi
1092 3204 1213 3266 δεκανί-

110 3315 181 3356 κιον
207 3294 322 3353 πολλοῦ
354 3287 455 3364 άξιον,
488 3287 556 3368 ἤτοι
591 3285 706 3370 ῥάβδον
736 3284 871 3371 ἀργυρᾶν
903 3286 1211 3370 περτκεχρυσωμὲνην,

112 3375 239 3454 ω’ροίαν.
274 3376 304 3434 in
318 3375 424 3456 scripto
441 3375 563 3451 quodam
574 3373 825 3434 Graeco-Barbare
844 3373 900 3436 ta
922 3373 1145 3451 Turoograeciae
1164 3395 1213 3436 vo-

111 3468 192 3524 catur
210 3462 359 3541 ὅικανίκη.
378 3456 579 3542 κοιμαντικιίν
597 3454 713 3540 ῥάβδον
725 3465 809 3520 vocat
822 3458 965 3538 Gregoras
982 3457 1000 3519 l.
1015 3463 1044 3524 6.

181 3585 244 3639 r'br'd.
279 3578 336 3639 άπὸ
349 3583 400 3652 τῆς
407 3583 486 3651 δίκης
497 3599 515 3636 o
531 3581 635 3636 iustitio
644 3598 694 3636 vox
705 3581 813 3635 deducte
824 3580 937 3635 loetitiae
950 3597 1052 3654 quoque
1063 3586 1089 3633 et
1099 3583 1213 3650 potesta·

112 3655 148 3708 tis
169 3653 197 3706 in
228 3653 292 3706 elios
314 3653 471 3706 exercendae
493 3653 635 3720 symbolum
659 3651 828 3720 quodcunque
851 3649 989 3720 significat.
1031 3651 1078 3703 boc
1103 3649 1130 3701 in
1152 3665 1216 3716 rege

111 3731 242 3792 sceptrum
269 3727 325 3788 est,
355 3717 381 3774 in
404 3720 526 3792 pontifice
559 3719 652 3790 pedum
675 3720 816 3789 pastorale,
844 3719 871 3771 in
902 3719 997 3772 abbate
1028 3716 1165 3782 buculus,‘
1188 3717 1215 3769 in

112 3793 185 3860 regio
202 3792 316 3846 ministro
332 3790 458 3854 calemus,
481 3789 602 3856 bacillus,
626 3788 712 3841 clava:
731 3789 827 3842 cunctis
843 3787 899 3841 istis
916 3787 1087 3858 exprimendis
1103 3803 1155 3838 vox
1173 3785 1215 3837 dr-

112 3861 241 3915 κανίκιον
263 3859 368 3930 propria
393 3865 451 3921 est;
479 3865 507 3912 et
529 3858 622 3911 Latine
645 3858 761 3914 redditur
783 3857 936 3910 commodius
952 3859 1034 3927 or'rgo
1052 3854 1093 3907 vel
1110 3855 1215 3908 buculus

113 3947 190 4000 quam
207 3937 344 4000 sceptrum.
378 3926 500 3981 scribitur
517 3934 545 3980 et
561 3926 720 3981 doceminor
736 3933 764 3982 et
781 3925 904 3980 (λεκανίκι
922 3925 998 3978 dictio
1016 3943 1032 3977 a
1049 3923 1127 3992 priori
1140 3930 1215 3975 trou-

97 3993 188 4052 'catsr
206 4016 257 4052 uon
273 3995 414 4064 ὄσκανίκη,
431 4003 460 4048 ut
476 3997 586 4050 barbare
602 3996 739 4052 llleursius.
774 3996 860 4048 Simon
876 3995 981 4048 Portius
991 3991 1126 4046 δικανίκιι
1145 3987 1215 4062 drid-
1312 3995 1314 3999 ’

113 4069 179 4134 doc,
197 4064 333 4138 βάκτρον,
351 4063 504 4136 βακτηρία,
522 4062 604 4130 ξύλον
620 4067 734 4120 baculus.
771 4072 948 4133 coneecrctus,
965 4063 1082 4132 inquom,
1099 4062 1214 4130 baculas,

114 4140 217 4206 qualem
236 4137 418 4188 caduceatores
436 4133 515 4187 nostri
531 4136 657 4202 gerebant
680 4135 812 4206 primitus,
835 4133 936 4201 dequo
954 4131 1096 4200 Gregorius
1114 4133 1214 4184 Toron.

113 4209 197 4262 732.-
214 4207 284 4258 misit
302 4203 491 4256 Gundobuldue
508 4204 574 4257 duos
591 4203 693 4274 legatos
710 4206 747 4256 od
763 4219 853 4271 regem
870 4219 928 4255 com
944 4201 1030 4270 uirgis
1047 4203 1214 4264 concertatio,

112 4279 191 4331 torto
208 4259 290 4330 ritbm
307 4275 482 4337 Francorum,
506 4279 535 4326 ut
552 4273 650 4328 scillcet
669 4291 722 4328 non
739 4273 951 4344 contingerentur
968 4273 1001 4326 cb
1018 4271 1089 4336 ullor
1114 4273 1214 4342 qualem
