3034 4916
269 323 343 430 299
417 315 626 388 GRETSElil
643 316 698 382 ET
717 313 848 382 GOARl
863 311 1210 380 COMMENTARIUS.

268 485 391 550 misem,
407 481 565 550 sedarique
581 477 649 536 sacci
666 475 776 546 figuram
791 475 919 540 reterens,
934 491 1024 530 ecesse
1040 479 1090 529 est.
1107 473 1185 528 rubro
1196 473 1283 528 colore
1298 471 1378 542 tingit

268 573 306 608 ms
324 553 471 617 Tilianum,
488 550 597 616 Regium
620 543 799 614 Sandionyeii,
824 544 953 599 Manuelis
970 545 1050 598 ultimi
1066 544 1219 614 loannisqne
1236 542 1281 596 filii
1296 543 1378 611 impe·

268 619 383 676 istorum
401 628 480 673 totam
498 617 610 686 effigiem
634 614 992 686 repraesentess,:violsceo.
1010 620 1118 683 uterque
1135 627 1281 684 purpureus
1297 611 1378 666 babe-

270 699 315 746 tur
331 697 359 746 et
375 690 555 760 imperatorem
571 687 655 740 decet.
1070 705 1072 712 ι

354 805 391 862 ib.
405 823 433 863 r.
446 803 495 865 21.
517 796 645 879 φνοὶλιν]
667 798 709 858 ita
728 797 860 860 scribitur
880 797 958 876 apud
977 795 1127 856 Codinum.
1170 796 1313 872 integrum
1334 798 1379 852 est

271 881 425 966 φαολλιον,
445 887 542 948 selum.
584 888 639 946 oiri
650 883 725 945 docti
730 929 740 960 ,
760 883 998 961 honestumne,
1018 883 1111 960 inquit
1128 879 1314 956 Glossarium,
1334 884 1378 938 in-

272 980 449 1053 terpretantur
476 974 591 1031 vitream
616 969 765 1030 carbasum.
821 989 872 1030 stoa
899 971 1035 1028 utentior.
1091 969 1246 1028 recantasse
1282 967 1382 1024 Gracci

272 1063 401 1119 crassiore
417 1057 639 1137 pronuntiatione
656 1059 682 1114 ct
704 1048 922 1128 πλατνᾶζοντες
965 1057 1006 1112 sic
1028 1051 1168 1130 efferebant
1190 1051 1276 1110 selum
1296 1048 1381 1108 Inti-

272 1163 373 1205 norrrrn.
416 1142 551 1202 Germani
571 1157 686 1218 quoque
708 1146 812 1199 vocant
830 1158 941 1199 sacrum
961 1137 1071 1216 velum,
1092 1155 1151 1217 quo
1174 1132 1310 1194 moniales
1332 1151 1382 1192 re-

273 1231 384 1306 lantur,
401 1231 446 1288 eis
458 1227 549 1287 wadel
561 1245 612 1286 seu
626 1223 704 1301 weil,
724 1226 872 1285 manifesta
885 1244 920 1284 ex
930 1222 1030 1283 vocula
1042 1223 1100 1308 octo
1119 1222 1236 1300 origine.

348 1345 454 1418 φιάλην
475 1347 507 1400 ad
534 1365 575 1402 me
603 1347 693 1401 scribit
718 1345 849 1416 Georgius
887 1346 1011 1400 Ceresius
1037 1343 1172 1409 chiensis,
1204 1357 1312 1412 mmqus
1336 1357 1383 1392 vo-

280 1425 322 1474 cat
356 1413 576 1487 πολοχοολμοιτον
597 1409 761 1484 ὑφασμένην
787 1413 837 1469 καλ
864 1411 1054 1484 πεπλεγμένην
1082 1410 1262 1478 καλύπτραν,
1287 1411 1382 1480 capitis

279 1489 398 1560 tegimen
415 1488 498 1540 variis
515 1487 641 1540 coloribus
657 1488 833 1538 intertestum.
851 1501 883 1538 su
900 1485 935 1537 ob
951 1499 1049 1554 pennas
1074 1482 1117 1535 vel
1136 1481 1277 1534 volitantes
1301 1480 1383 1532 mobi-

280 1561 371 1626 lesque
388 1571 499 1624 gemmas
516 1551 629 1622 φαοξλην
649 1555 780 1606 fontanam
797 1553 937 1606 machinam
961 1553 1108 1620 grandinem
1127 1567 1248 1621 aquarum
1272 1565 1383 1618 superne

281 1633 439 1680 eructantem
456 1624 534 1678 luerit
552 1622 667 1689 imitato,
681 1623 747 1676 alius
762 1621 924 1678 indicaverit.
948 1621 982 1675 de
1003 1621 1100 1692 phyala
1116 1621 1190 1674 fonte
1206 1619 1233 1674 iu
1250 1618 1384 1672 Eucholo·

282 1695 347 1764 gitis
362 1693 536 1750 disseruimus.

363 1821 390 1880 p.
407 1799 446 1865 51
462 1819 488 1859 v.
508 1800 535 1862 1.
557 1795 738 1877 tropaeuohia
752 1817 771 1856 a
781 1801 885 1878 tropaeo
895 1815 947 1856 seu
959 1796 1105 1876 trophaeo.

347 1923 472 1992 Tropaea
502 1926 577 1976 sonat
596 1921 660 1974 haec
696 1919 773 1972 dictio
799 1919 1007 1989 triumphosque,
1044 1935 1093 1972 nee
1123 1913 1263 1970 immeritos
1305 1914 1385 1966 relert

281 1993 348 2046 enim
370 1999 506 2060 augustum
528 1991 590 2046 illud
614 1999 641 2042 et
665 1989 804 2060 pretiosum
832 1989 944 2056 tegimen
973 1988 1064 2057 capitis
1098 1987 1234 2040 candicans
1257 1986 1286 2036 et
1314 2001 1384 2051 gern-

281 2063 329 2114 mis
346 2069 478 2127 ornatum,
500 2075 552 2129 quo
569 2060 601 2112 de
624 2068 702 2129 perte
718 2056 828 2112 victorie
843 2058 1009 2114 laetabanter
1024 2057 1200 2129 imperatores.
1217 2052 1343 2108 corasius
1360 2053 1385 2104 in

280 2129 423 2200 rescriptis.

366 2237 405 2294 ib.
418 2253 445 2293 v.
459 2237 488 2297 2.
509 2231 702 2314 Intrasses
713 2231 895 2292 alostiniano
911 2232 1095 2312 imperatore,
1110 2231 1159 2307 qui
1171 2229 1248 2307 quali
1263 2229 1386 2306 tegmine

283 2321 383 2399 capitis
398 2338 465 2378 usus
480 2319 528 2396 sit,
543 2325 662 2399 apparet
674 2318 769 2394 aliquo
782 2319 867 2376 modo
882 2336 916 2376 ex
926 2320 1055 2395 antiquis
1069 2317 1254 2394 numismatis,
1267 2333 1386 2391 quorrmr

283 2405 419 2466 nonnulla
428 2405 526 2464 lectori
540 2405 697 2484 spectanda
710 2405 907 2484 proposuimus
920 2408 988 2463 tom.
1005 2406 1026 2466 3
1045 2404 1081 2462 de
1096 2405 1126 2462 S.
1140 2403 1232 2461 Cruce
1248 2407 1263 2464 1
1280 2407 1331 2464 20.

369 2522 502 2583 Dixeram
522 2523 540 2582 l.
561 2523 579 2582 l.
599 2522 764 2582 Iustinianei
780 2523 900 2581 formam
919 2541 981 2580 esse
998 2540 1086 2598 quam
1103 2521 1208 2579 ibidem
1222 2538 1386 2598 repraesen-

283 2615 361 2668 tatus
383 2629 512 2667 nummus
533 2610 666 2685 antiquus
686 2607 805 2678 exhibet.
847 2607 989 2685 improbat
1010 2608 1065 2667 hoc
1088 2607 1150 2666 Nic.
1172 2605 1346 2666 Alamannus
1358 2605 1386 2661 in

284 2697 483 2753 commentario
503 2695 541 2752 ad
560 2713 691 2754 arcanam
708 2693 854 2751 historiam
873 2691 1004 2770 Procopii
1009 2685 1031 2771 ,'
1041 2693 1108 2769 quia
1120 2698 1186 2750 ante
1202 2691 1387 2750 Iustinianum

287 2779 468 2838 Theodosius
491 2779 651 2838 Marcianus
674 2775 735 2837 Leo
761 2777 841 2836 Zeno
866 2777 1033 2837 Anastasius
1060 2785 1090 2837 et
1115 2777 1240 2836 lustinus
1269 2778 1387 2836 eandem

286 2859 442 2946 πτερωτήν
458 2867 566 2925 cristam
580 2864 611 2921 in
628 2862 710 2940 'galea
728 2868 892 2940 gestarunt,
909 2870 943 2922 ut
959 2864 988 2921 in
1001 2882 1099 2921 eorum
1110 2863 1284 2920 numismatis
1299 2881 1386 2939 appa-

287 2954 348 3020 ret;
366 2953 452 3024 atque
472 2947 520 3007 illa
543 2953 588 3006 est
608 2966 694 3023 qnam
713 2950 926 3028 τροπαιονχλαν
938 2954 1066 3008 vocatam
1079 2949 1153 3006 idem
1169 2949 1298 3007 Codinus
1313 2947 1386 3006 affir-

288 3039 356 3093 mat
398 3051 494 3091 vernm
513 3038 546 3091 ut
568 3032 739 3091 Iustinianus
756 3033 883 3111 integras
897 3033 981 3092 nrbes
996 3039 1025 3092 et
1037 3053 1082 3092 res
1095 3032 1163 3092 alias
1181 3053 1263 3092 asuo
1275 3034 1387 3092 nomine

289 3117 437 3177 ambitiose
460 3118 615 3177 nominavit
634 3118 779 3176 exstinctis
798 3119 897 3196 priscis
920 3119 1172 3199 appellationibus,
1201 3119 1243 3178 ita
1271 3125 1303 3178 et
1324 3118 1387 3176 huic

287 3203 388 3282 capitis
403 3201 550 3285 φορέματι
562 3221 613 3262 seu
628 3203 778 3280 gestamini
798 3223 882 3262 suum
904 3223 1007 3264 nomen
1028 3205 1172 3282 imponere
1190 3205 1304 3282 potuit,
1324 3204 1387 3262 licet

287 3289 575 3348 abanteoessoribus
594 3289 653 3346 suis
682 3289 768 3347 etiam
791 3295 958 3366 usurpatum
982 3291 1090 3348 fuisset.
1132 3295 1163 3348 at
1186 3289 1387 3348 iustinianeum

286 3373 342 3432 hoc
357 3372 484 3432 diadema
497 3393 556 3432 non
579 3374 708 3433 bellicum
729 3378 780 3432 aut
801 3379 943 3434 castrense
961 3375 1031 3453 finit,
1055 3376 1107 3434 sed
1124 3375 1257 3447 civicum3
1280 3395 1338 3452 quo
1359 3378 1388 3432 et

286 3459 317 3516 in
333 3459 419 3518 sacris
438 3459 509 3518 etin
531 3458 651 3518 ecclesiis
674 3459 814 3519 utebatur.
855 3461 908 3518 sed
930 3466 960 3519 et
980 3461 1107 3519 Codinus
1127 3461 1197 3520 satis
1211 3459 1388 3519 indicettro-

287 3544 443 3622 paeuchian
470 3549 500 3602 et
526 3543 729 3604 Iustinianeum
753 3550 783 3604 et
813 3543 868 3604 alia
895 3545 1010 3606 arbitrio
1028 3547 1204 3625 imperatoris
1229 3551 1288 3612 tam
1313 3544 1388 3604 domi

289 3647 375 3705 quam
390 3618 456 3688 alibi
468 3635 594 3706 gestata:
610 3631 650 3689 ait
675 3631 762 3689 enim:
784 3627 834 3692 tsi
854 3626 887 3692 δὲ
911 3635 1046 3710 κεφαλῆς
1067 3631 1222 3712 propinans
1243 3624 1387 3711 διάφορα,

288 3712 363 3776 ποτὲ
377 3712 432 3794 μὲν
446 3713 479 3776 sci
503 3709 724 3794 ὀνομαζόμενον
743 3717 976 3796 τροπαιονχλαν,
996 3713 1068 3779 ποτὲ
1088 3715 1121 3778 δὲ
1138 3711 1387 3789 Ἰονστννιᾶνετον,

289 3797 324 3861 ἐν
342 3796 444 3874 ἄλλοις
457 3798 489 3862 δὲ
503 3797 666 3883 ν’ντὲρτερον
678 3806 731 3859 etc.
753 3797 815 3864 dno*
835 3797 890 3881 pio
905 3792 961 3862 οὖν
975 3795 1122 3864 τοιούτων
1136 3796 1316 3883 φορεμοὶτων
1330 3823 1388 3876 φο-

171 3897 173 3902 ·
289 3889 339 3964 ρεῖ
354 3883 373 3946 0‘
391 3881 530 3962 βασιλεύς
550 3879 600 3946 οἷα
625 3879 665 3946 div
688 3879 839 3965 fleotomo.
881 3904 917 3945 ex
941 3886 1042 3963 quibus
1063 3886 1166 3946 Cadini
1189 3887 1282 3951 verbis
1301 3887 1388 3965 liquet

288 3969 487 4046 imperatorem
499 3972 577 4030 varia
584 3970 717 4030 babuisse
730 3972 829 4050 capitis
845 3969 1015 4051 popinatur,
1039 3978 1070 4031 et
1087 3973 1225 4031 arbitratu
1243 3991 1296 4032 suo
1315 3989 1388 4030 nunc

289 4052 344 4110 hoc
357 4073 431 4114 nunc
453 4055 522 4114 illud
544 4062 681 4134 gestasse.
723 4055 886 4115 Iustinianei
907 4058 1026 4116 formam
1048 4057 1129 4116 nobis
1148 4058 1321 4118 Alamannus
1341 4075 1389 4113 ex-

223 4177 226 4188 .
289 4135 368 4194 bibet
381 4159 415 4196 ex
430 4140 528 4198 tabula
550 4142 686 4218 medam,
707 4159 779 4216 quae
800 4161 886 4220 opere
904 4145 1012 4203 musivo
1029 4141 1181 4202 Ravennae
1201 4149 1310 4204 exstat:
1331 4158 1388 4200 non

289 4225 447 4297 negaverim
467 4225 651 4286 Iustinianum
672 4225 722 4292 teli
744 4226 843 4304 capitis
862 4232 1027 4304 tegumento
1052 4248 1148 4288 usum:
1182 4230 1235 4290 sed
1253 4229 1309 4290 boc
1327 4243 1388 4288 esse

288 4306 380 4386 ipsmu
392 4308 593 4372 Iustinianeum
605 4332 639 4374 ex
656 4311 754 4372 tabula
768 4311 815 4372 illa
825 4313 938 4393 probari
952 4333 1011 4374 non
1025 4319 1130 4396 potest
