2968 4924
1042 187 1047 212 ί

283 261 339 326 DE
365 260 543 342 ormena
569 262 628 328 ΟΡ.
654 261 739 332 GAP.
765 251 862 330 XXI·
887 265 1002 335 xxo.
1122 265 1193 338 107

104 433 165 516 ἤτοι
176 433 261 520 μέχρι
278 435 403 498 καὶτῶν
420 417 639 518 νενομισμένων
655 411 798 516 ε’ννόδων,
815 437 866 502 καὶ
879 436 958 520 μετδι
967 443 1060 503 τούτο
1076 435 1194 525 έρχεται

104 536 201 613 νυκτὸς
213 540 262 602 καὶ
276 545 442 623 προσκυνεῖ
452 536 506 602 τδν
519 537 649 630 βασιλέα
662 543 895 620 μελανειμονῶν,
927 543 979 606 καὶ
995 539 1095 608 έκτοτε
1110 541 1195 617 ἐκτὸς
1210 549 1232 602 Ρ
1251 546 1301 604 144

103 640 154 722 μέν
168 641 358 724 ἕνδεδυμένος
379 641 441 704 ε’στδ
461 640 594 723 μέλανα,
626 638 679 704 τόν
699 642 733 705 δὲ
751 642 880 724 βασιλέα
903 651 1082 727 προσκυνῶν
1105 654 1199 731 φορεῖ
1221 719 1223 724 ,

103 738 242 828 ἠερόνεοι·
278 743 349 809 οὐδέ
370 743 429 831 γὰρ
454 744 647 829 ἐνδεδομένων
671 745 734 810 ε’στὶ
758 751 982 831 μελανειμονῶν
1005 749 1037 814 ἐν
1062 751 1107 836 τῷ
1131 773 1193 814 πα-

83 847 198 938 ῦλοτίρ.
1170 842 1178 858 Χ

388 990 790 1092 Κεφάλαιον
840 987 903 1090 κβ.
1062 1083 1068 1090 ,
1211 1023 1235 1075 Β

420 1111 492 1183 Περὶ
502 1107 697 1181 μελλονύμφης
707 1111 896 1180 δεοποίνης.’“
1021 1139 1023 1146 1

196 1220 271 1308 Χρὴ
290 1223 447 1290 καὶτοῦτο
467 1224 631 1310 γινώσκειν,
658 1223 704 1289 ὅτι
719 1226 878 1308 δεσποίνης
893 1220 1015 1310 νύμφης
1035 1219 1197 1309 ἐρχομένης
1230 1251 1234 1258 ·

103 1319 212 1400 έξωθεν
233 1323 252 1408 ἢ
276 1325 327 1389 διὰ
350 1331 444 1413 ξηρᾶς
464 1327 485 1412 ἢ
501 1328 551 1393 διὰ
568 1325 746 1412 θαλάσσης,
771 1327 849 1392 κατὰ
863 1326 918 1411 τὴν
931 1323 1048 1413 ἡμέραν
1062 1325 1142 1412 καθ’
1158 1323 1197 1407 ἣν

70 1443 98 1496 10
104 1427 198 1507 μέλλει
217 1428 419 1514 ἀποσωθῆναι
445 1435 487 1508 εἲς
506 1432 562 1516 τὴν
584 1428 672 1496 πόλιν
686 1431 872 1516 ἐγνωσμένην
889 1422 985 1518 οὖσαν
999 1433 1198 1517 προσυπαντᾷ

102 1527 208 1613 ταύτην
221 1527 236 1595 ὃ
250 1533 395 1613 βασιλεύς
408 1537 459 1598 καὶ
476 1534 552 1620 ἀνὴρ
567 1534 661 1618 αὐτῆς
675 1531 691 1600 ὁ
705 1532 873 1622 νεόνυμφος
886 1532 965 1617 μετὰ
979 1541 1035 1597 τοῦ
1045 1533 1197 1615 βασιλέως

103 1635 150 1696 καὶ
165 1634 279 1720 πατρὸς
296 1635 389 1702 atreo
397 1683 408 1716 ,
434 1641 461 1704 εί
477 1637 641 1726 περίεστιν·
669 1640 695 1701 εἰ
711 1637 744 1702 δ’
763 1631 825 1718 οὖν,
845 1636 937 1714 αὐτὸς
949 1633 1050 1720 μόνος.
1102 1637 1153 1703 καὶ
1169 1635 1195 1700 εί
1211 1643 1235 1695 G

103 1736 153 1817 μέν
167 1738 217 1801 διδι
233 1743 330 1822 ’ξηρᾶς
344 1739 481 1826 έρχεται,
515 1738 645 1820 πεζεύειν
662 1739 757 1827 ταύτην
773 1737 992 1825 είδιστοιιπερὶ
1008 1739 1065 1828 την
1077 1735 1198 1822 Πηγήν,

105 1841 128 1902 εἷ
147 1840 179 1904 δέ
197 1839 276 1924 μετὰ
296 1849 439 1928 τριηρῶν,
472 1847 599 1928 πλησίον
617 1849 674 1908 τού
692 1850 767 1908 ναοῦ
787 1851 848 1908 τῶν
865 1844 1048 1928 Βλαχερνῶν
1071 1840 1130 1918 έξω
1146 1847 1201 1922 τῆς

69 1937 230 2022 ιεπόλεως,
257 1939 336 2010 ὅπου
357 1944 395 2012 δν
416 1944 501 2030 τύχοι
524 1945 598 2014 εἶναι
619 1944 797 2028 ἐπιτήδειον.
848 1942 1202 2033 προκαταλαμβάνονται

103 2047 197 2111 τοίνυν
210 2046 268 2130 τὴν
281 2049 460 2136 καταγωγὴν
478 2048 498 2133 ἢ
520 2053 656 2117 ἐνταῦθα
677 2048 698 2132 ἢ
720 2051 783 2116 ἐκεῖ
796 2049 829 2126 αἱ
843 2055 903 2115 τῶν
921 2049 1134 2130 ἀξιωματικῶν
1150 2031 1201 2110 καὶ

104 2155 306 2233 συγκλητικῶν
327 2156 378 2217 καὶ
397 2158 458 2218 τῶν
481 2159 593 2219 λοιπῶν
615 2151 770 2238 ἀρχόντων
783 2163 921 2238 γυναῖκες
935 2153 966 2216 αἳ
983 2154 1136 2237 κρείττους
1149 2152 1201 2216 καὶ

104 2251 301 2339 εύγενέστεραι
315 2251 513 2340 ὑποδέχονται
529 2256 585 2341 τὴν
601 2257 760 2322 δέσποιναν
774 2259 823 2320 καὶ
840 2253 1009 2342 νεόνυμφον
1025 2237 1199 2340 ἐρχομένην,
1216 2267 1241 2322 D

105 2354 380 2444 φιλοφρονούμεναι
400 2365 566 2440 βασιλικῶς
582 2357 678 2442 αὐτὴν
690 2361 741 2422 καὶ
755 2355 1002 2444 θεραπεύουσαι,
1027 2383 1205 2441 προσυπαν-

68 2455 220 2524 tortivum
232 2461 285 2524 καλ
298 2469 359 2526 τῶν
371 2461 532 2542 βασιλέων,
558 2459 579 2544 ἢ
596 2463 646 2526 καὶ
660 2461 842 2546 ἀμφοτέρων
857 2459 877 2544 ἢ
894 2467 950 2526 τοῦ
964 2457 1136 2544 νεονύμωου
1151 2459 1203 2522 καὶ

105 2558 207 2643 μόνου,
237 2561 277 2628 ἂν
290 2565 333 2650 μὴ
349 2547 400 2630 nni
415 2564 517 2651 πατὴρ
529 2555 568 2652 ᾖ,
594 2561 737 2651 καθάπερ
754 2563 880 2650 εἴρηται.
933 2565 959 2626 εἰ
980 2563 1036 2645 μέν
1056 2555 1109 2628 oio
1125 2561 1202 2644 μετὰ

170 2711 203 2764 14
218 2704 397 2776 νατέργονΔ
481 2709 535 2763 *16
550 2706 601 2777 αλ]
616 2705 663 2762 κοιλ
682 2707 705 2761 P

104 2827 193 2884 diebos
209 2827 293 2882 luctui
308 2825 457 2895 destinatis,
474 2825 600 2880 videlicet
616 2844 700 2911 usqne
710 2828 750 2881 -ad
765 2844 860 2880 nonum
876 2824 955 2896 diem,
973 2843 1003 2879 ae
1020 2824 1148 2878 eontinet.
1175 2831 1204 2878 et

104 2905 193 2967 postea
209 2905 290 2952 noctu
308 2898 393 2964 venit,
416 2896 575 2966 indutusque
595 2895 679 2965 nigris
700 2899 817 2950 vestibus
837 2896 1021 2966 imperatorem
1038 2896 1139 2948 adorat.
1175 2901 1203 2948 et

105 2967 201 3020 abhoc
218 2975 339 3036 tempore
356 2973 430 3019 extra
446 2965 571 3034 palatium
588 2966 706 3020 induitur
720 2965 885 3020 vestimentis
900 2965 994 3034 nigris,
1011 2981 1068 3016 cum
1085 2981 1151 3016 varo
1168 2965 1202 3016 od

105 3034 284 3107 imperatorem
303 3036 631 3106 venerandumprocedit,
656 3042 746 3107 portat
769 3035 871 3090 caesia:
894 3052 981 3106 neque
1005 3035 1074 3088 enim
1095 3033 1137 3088 faa
1161 3040 1203 3086 est

106 3105 192 3176 nigrae
209 3111 298 3176 vester
313 3105 341 3177 in
357 3103 456 3177 palatio
472 3104 555 3159 ferre.

517 3241 541 3306 C
562 3265 580 3305 a
601 3261 619 3326 p
640 3265 659 3306 n
679 3251 690 3304 t
738 3247 789 3308 22.

396 3344 444 3396 De,
455 3346 552 3410 futoro
576 3359 670 3413 aponro
693 3348 719 3396 et
741 3339 915 3412 δυσμεναίνων.

173 3446 290 3518 Oportet
306 3451 334 3498 et
349 3445 401 3499 hoo
416 3446 496 3499 scire.
530 3445 635 3500 domina
658 3462 756 3514 sponsa
771 3463 885 3516 peregre
902 3445 1060 3498 adveniente
1076 3444 1119 3498 vel
1136 3449 1209 3498 terre

106 3514 148 3568 vel
165 3515 249 3583 mari,
274 3514 320 3568 ubi
342 3514 464 3568 dieo‘ille
489 3532 541 3583 qno
565 3513 707 3584 appulaura
729 3522 760 3568 et
781 3517 872 3568 urbem
889 3513 1010 3582 ingressa
1026 3522 1068 3568 eat
1083 3513 1208 3580 innotuit,

107 3584 220 3638 occurrit
239 3585 264 3637 ei
277 3584 420 3652 imperator
435 3584 543 3637 maritos
561 3585 626 3648 οῖσι,
645 3600 729 3636 novur
743 3599 864 3654 sponsus,
884 3601 941 3636 cum
955 3583 1116 3653 imperatore
1131 3589 1209 3651 patre

108 3669 163 3720 eoo,
181 3653 204 3706 ri
222 3651 258 3707 eit
272 3661 418 3721 superatae:
437 3652 478 3706 sin
496 3655 595 3720 minus,
613 3652 674 3722 ipse
688 3651 769 3704 eolus.
806 3662 834 3704 et
850 3653 969 3722 quidem,
996 3653 1020 3706 si
1037 3659 1108 3704 terra
1127 3653 1209 3703 adve-

108 3721 178 3788 niat,
204 3722 394 3774 consuetudine
410 3731 545 3792 receptum
565 3728 606 3776 eet
623 3730 653 3776 ut
670 3721 785 3790 appellat
801 3723 834 3774 ed
851 3721 935 3774 locum
953 3738 1028 3791 quem
1047 3721 1080 3772 ad
1096 3721 1210 3772 Fontem

108 3791 251 3844 nominant.
286 3790 328 3843 ein
346 3790 373 3843 in
390 3791 548 3858 triremibus,
574 3798 638 3844 tone
656 3791 792 3844 exaeendit
807 3809 891 3861 prope
909 3790 1032 3860 templum
1048 3789 1223 3840 Blacherna:

109 3875 164 3911 rum
189 3867 265 3912 extra
288 3859 435 3927 civitatem,
461 3860 507 3912 obi
531 3861 691 3913 commodum
714 3859 806 3912 suerit.
841 3865 1034 3930 praeoccupato
1051 3857 1135 3925 igitur
1152 3857 1211 3909 sive

109 3927 151 3980 hio
168 3927 228 3981 sive
245 3927 299 3980 illic
314 3929 471 3994 diversorio,
489 3945 578 3981 eornm
595 3929 641 3998 qni
658 3928 685 3980 in
702 3944 824 3997 suprema
840 3929 969 3996 dignitate
986 3931 1062 3990 sont,
1088 3932 1116 3977 at
1131 3942 1210 3978 sena-

108 4002 193 4050 torum
211 4004 240 4050 et
254 3995 413 4065 reliquorum
431 3997 577 4068 principum
594 4014 690 4051 uxorea
707 3997 913 4064 praestantiores
930 4004 957 4049 et
974 3993 1117 4048 nobiliores
1134 3995 1207 4048 exci-

109 4063 184 4134 piunt
198 4066 328 4119 dominam
345 4073 372 4119 et
389 4083 480 4118 novam
497 4084 632 4136 sponsam,
658 4065 732 4134 regie
755 4065 825 4119 illam
843 4075 870 4119 et
888 4064 958 4117 omni
973 4062 1141 4116 humanitatis
1158 4081 1206 4132 ge·

108 4149 171 4187 nere
191 4141 381 4205 prosequentes
398 4141 478 4204 atque
494 4135 661 4202 honorantes,
680 4133 879 4189 occurrentibus
897 4133 976 4186 etiam
994 4130 1207 4200 imperatoribus,

107 4202 150 4254 vet
166 4211 280 4272 utroque
295 4202 338 4255 vel
355 4220 424 4256 novo
441 4220 538 4272 sponso
555 4203 625 4272 εολο,
643 4203 667 4257 ai
684 4211 762 4274 peter
776 4209 830 4257 'non
847 4208 977 4272 superest,
993 4205 1073 4267 prout
1089 4201 1206 4268 explica-

106 4278 161 4324 tum
179 4279 231 4328 ert.
251 4271 290 4325 ri
306 4287 369 4342 ergo
386 4271 415 4327 in
431 4271 532 4334 triremi
549 4271 653 4344 veniet,
679 4272 774 4328 obvios
792 4273 824 4327 fit
838 4271 879 4324 iili
895 4269 968 4325 τίετε
983 4285 1071 4323 arcem
1088 4269 1122 4322 ad
1141 4284 1206 4338 por-
