2958 4918
457 266 504 332 IN
533 267 684 334 CODINI
712 268 797 340 GAP.
823 267 850 336 l.
935 339 938 345 Α
1135 270 1205 344 143

95 421 147 484 tel
163 426 215 496 τῆς
232 421 310 496 lepris
324 423 517 490 καταστάσεως
540 427 567 482 in
588 428 705 497 bernole,
721 429 756 484 nd
770 430 838 486 sacri
858 431 947 486 ulteris
964 430 1047 496 lator,
1064 433 1205 490 constitne-

95 504 178 562 rnnt,
195 497 240 566 qui
250 497 356 550 invenes
370 498 522 566 irrequietos
533 505 559 550 et
570 499 673 566 faciles,
691 499 901 555 suacuctcritetc
922 501 1041 566 sedatos,
1059 503 1092 554 ab
1105 502 1205 559 iniuriis
1281 531 1283 538 ·

97 573 128 620 et
139 566 346 620 contentionibus
358 572 386 618 et
395 567 521 620 indecoris
532 567 632 622 actibus
644 567 676 620 ad
686 568 778 622 bonam
789 571 888 639 frugem
902 570 1048 624 reduceret.
1084 588 1135 624 nou
1146 575 1205 644 pla-

97 637 164 690 cet?
182 635 216 688 eit
226 635 269 688 ille
280 636 309 688 in
319 637 393 689 relius
403 639 487 689 sceris
505 637 653 706 dirigendis
668 641 834 706 praefecisse
851 639 878 692 id
896 655 1007 708 namque
1023 639 1060 692 illi
1073 640 1205 696 incumbe-

96 705 164 771 bet,
181 711 211 756 ut
231 722 264 756 ex
275 704 436 775 praescripto
448 715 475 758 et
485 713 630 758 sanctornm
641 715 742 773 patrum
754 708 914 779 sancitiesres
928 708 1014 762 divina
1025 719 1204 778 perageretur,
1295 749 1299 756 ·

96 779 256 842 ceveretque
275 790 308 826 ne
327 772 384 842 quis
407 781 482 826 extra
498 775 669 844 praescriptos
688 775 782 829 limites
805 777 895 846 pedem
918 777 1034 831 efferret.
1068 779 1133 832 haec
1148 779 1203 836 illc.

95 843 188 926 placet
205 859 270 910 prae
287 841 397 895 secunda
415 842 486 912 prior
502 843 645 912 expositio:
669 849 698 896 ut
718 844 783 896 enim
801 846 872 914 prior
889 839 936 899 int
948 847 1004 900 cciv
1021 842 1157 913 senciens
1174 849 1203 902 in

95 911 199 962 iudiciis
209 911 322 963 ordinem
333 917 360 962 et
371 911 495 980 quietem,
514 912 553 964 itu
569 911 611 964 hie
629 913 656 964 in
675 928 751 967 sacro
762 913 882 968 tribunali
892 931 986 968 morum
997 915 1204 986 compositionem

95 980 204 1043 indicit;
220 973 324 1034 necinl
336 980 391 1032 τῶν
403 975 539 1046 τετράτων
549 980 621 1048 leges
633 982 720 1050 pouit,
739 983 844 1036 nechic
855 991 956 1056 patmum
975 984 1087 1051 sancitu,
1104 985 1152 1038 nisi
1169 987 1204 1039 ad

95 1049 246 1102 modestiam
264 1053 398 1117 spectent,
426 1049 587 1102 observande
605 1050 735 1120 proponit.
769 1051 855 1121 Regia
871 1053 991 1126 superius
1006 1054 1099 1108 allatas
1122 1047 1203 1109 tint

95 1118 148 1187 τῆς
164 1112 243 1189 ἱεράς
260 1113 452 1182 καταστάσεως
467 1115 508 1182 εἰς
524 1113 556 1173 τὸ
573 1123 668 1173 ποιεῖν
684 1113 828 1186 circitare

533 1351 741 1368 m

406 1583 895 1669 CAPUTVIII.

183 1839 211 1898 p.
226 1815 246 1882 5
260 1835 286 1877 r.
302 1817 330 1880 8.
366 1766 492 1874 Primae
505 1815 536 1874 in
548 1799 651 1892 'quarta
664 1819 788 1896 pentade
799 1819 908 1880 obtinet
922 1815 941 1882 d
952 1813 1202 1900 άντομιμνήσνων,
1219 1829 1243 1884 P
1263 1829 1313 1884 168

93 1912 217 1983 moriter,
232 1908 325 1983 inquit
338 1907 445 1985 Iunius,
462 1908 504 1980 εἰς
515 1902 549 1968 τὸ
561 1909 735 1987 &inopino
746 1905 800 1971 τάν
812 1902 949 1990 άρχιερὲα
962 1913 1122 1988 μυστικοῖς.
1137 1929 1202 1988 ego,

82 1995 119 2052 'si
138 2013 206 2051 usus
219 1995 310 2070 ferat,
330 1995 423 2052 malim
441 1999 633 2069 suggestorem:
648 2011 714 2052 nam
730 1991 974 2074 ὑπομιμνήσκειν
987 2000 1032 2052 est
1048 2015 1203 2074 suggerere,

92 2083 178 2140 menti
190 2081 331 2154 subiicere,
342 2086 371 2138 et
388 2086 420 2138 nt
440 2079 567 2136 Codinus
585 2076 724 2156 loquitur,
743 2077 932 2159 ἒνθυμίζειν,
949 2081 1029 2155 quasi
1046 2079 1152 2156 aliquid
1171 2083 1203 2141 in

93 2168 179 2224 mente
194 2184 308 2244 ponere,·
331 2171 361 2224 et
374 2172 419 2224 est
438 2165 573 2241 quiddam
587 2165 742 2222 restrictius
760 2165 909 2242 minusque
928 2165 1021 2223 fusum
1039 2184 1124 2242 quam
1143 2187 1203 2226 rno-

93 2268 172 2308 nere:
200 2254 318 2308 namet
340 2269 490 2308 memorem
515 2268 629 2322 monere
650 2269 808 2326 possumus.
849 2252 961 2310 videtur
987 2270 1056 2328 ergo
1078 2251 1202 2310 officium

92 2337 152 2396 rori
179 2328 464 2414 άνεομιμνήσκοντος
490 2334 544 2392 hoe
572 2333 674 2410 fuisse,
711 2339 744 2393 ut
767 2336 941 2412 patriarchae
970 2335 1135 2394 sacrificanti
1155 2335 1200 2394 rel

92 2417 182 2479 rerba
203 2420 241 2476 ad
258 2420 394 2497 populum
413 2419 526 2478 facienti
542 2420 707 2495 adsisteret,
729 2418 826 2498 eique,
847 2421 872 2478 si
891 2420 992 2479 alicubi
1008 2420 1141 2479 memoria
1157 2420 1200 2477 la-

92 2503 226 2582 beretur,
249 2509 377 2582 mystice,
402 2506 456 2564 hoc
472 2509 516 2562 est
534 2504 621 2580 elam,
640 2504 763 2583 occulte,
787 2507 966 2582 suggerendo
980 2505 1149 2563 subveniret.
1175 2505 1201 2562 si

93 2591 159 2665 quis
169 2590 224 2648 hoe
234 2590 354 2649 officium
367 2592 451 2649 etiam
464 2599 543 2648 extra
557 2589 654 2666 templi
663 2590 751 2665 adyta
764 2593 891 2668 proferre
906 2596 936 2649 et
949 2591 1048 2648 efferre
1058 2589 1134 2668 velit,
1145 2609 1200 2668 pu-

91 2673 195 2751 tetque
204 2670 259 2737 riv
272 2673 541 2757 άτιομιμνήσκοντα
555 2675 641 2732 fuisse
654 2674 771 2733 similem
783 2676 821 2734 illi
833 2677 881 2752 qni
892 2677 965 2736 iuter
975 2675 1067 2734 officia
1074 2675 1200 2754 palatina

69 2781 111 2828 ,a
126 2761 241 2819 Codino
259 2781 282 2819 c.
297 2763 318 2822 2
332 2781 360 2840 p.
379 2764 417 2825 11
438 2763 475 2824 17
487 2759 645 2838 appellatur
660 2758 679 2822 d
697 2759 746 2822 inl
762 2755 972 2842 άναμνήσεοον,
988 2779 1128 2837 quemque
1142 2759 1201 2818 La-

92 2847 147 2905 tini
167 2867 185 2904 c
202 2849 327 2904 manerio
347 2865 398 2904 seu
420 2850 579 2922 magistrum
598 2849 736 2906 memoriae
749 2848 909 2925 nominant,
934 2851 1000 2906 cuni
1010 2865 1044 2904 ec
1059 2866 1118 2906 non
1131 2865 1202 2904 con-

63 2932 225 2990 ?tendam:
255 2949 349 3006 neque
369 2932 443 2990 enim
462 2951 479 2988 a
495 2951 561 2990 vero
583 2931 703 2989 alienum
725 2938 769 2990 est
791 2933 951 2991 huiusmodi
972 2932 1093 2990 officium
1112 2932 1200 2990 inisse

89 3019 122 3074 in
141 3016 257 3074 eeclesia
272 3017 440 3094 Cpolitana,
465 3036 523 3074 non
540 3018 625 3074 modo
645 3018 720 3074 intra
747 3019 852 3077 sedet
876 3024 956 3076 extra
983 3017 1127 3096 templpm.
1169 3019 1199 3074 in

91 3103 202 3160 Concil.
223 3100 317 3178 Lugd
335 3105 365 3161 in
382 3103 465 3181 epist.
488 3102 525 3161 ad
543 3101 631 3179 Greg.
657 3101 684 3160 X
706 3109 843 3162 vocantur
885 3104 899 3166 i
918 3099 1202 3185 ὑπομιμνήσκοντες

89 3191 307 3248 rememoraiorir.
818 3219 820 3226 ¹

160 3300 304 3355 Allatianar
330 3294 582 3369 ὁάττομιμνήσιιων
602 3295 750 3368 δεχόμενος
780 3295 832 3362 τάς
853 3295 1021 3369 ὑπομνήσεις
1042 3300 1099 3354 τάν
1127 3295 1199 3386 picc-

88 3368 244 3443 μνημάτων
273 3371 514 3436 (commendationes
540 3371 731 3435 memorinliurn)
754 3370 810 3422 cciv
833 3365 987 3438 ἐρχομένων
1018 3363 1048 3422 ἐν
1080 3370 1115 3441 τῇ
1139 3370 1198 3437 κρί-

88 3459 150 3495 σει·
176 3437 225 3492 sot
243 3433 380 3507 ἀναφέρει
403 3439 443 3510 τῷ
463 3433 589 3507 άρχιερεῖ
608 3437 716 3510 καὶτῷ
736 3434 838 3509 κλήρῳ.
875 3434 1061 3508 ὑπομνήματα
1072 3457 1123 3491 non
1136 3457 1200 3508 pos-

89 3525 148 3564 sum
161 3510 348 3562 commentario
358 3523 504 3577 exponere,
529 3525 584 3558 cnm
603 3505 684 3574 Regia
699 3501 838 3559 scribenti
851 3502 1144 3577 άπομνηματονράφος
1158 3503 1199 3568 εἰς

88 3573 125 3631 τά
151 3572 329 3645 ὑπογράφειν
352 3571 388 3628 τά
411 3571 609 3645 ὑπομνήματα.
652 3577 849 3643 commentaria,
878 3577 977 3632 relictis
1000 3576 1198 3639 memorialibus,

88 3663 144 3702 non
155 3651 216 3700 sunt
227 3645 269 3700 hic
284 3645 449 3700 coniicienda.

177 3754 214 3814 ib.
242 3771 269 3811 v.
295 3757 323 3818 9.
366 3749 411 3809 De
438 3751 552 3827 reliquis
583 3749 666 3808 huius
689 3750 820 3828 pentadis
849 3750 926 3809 nulla
958 3756 1003 3810 est
1031 3750 1197 3809 difficultas:

88 3856 158 3896 nam
177 3838 253 3898 unde
267 3840 394 3916 interpres
403 3838 551 3912 evangeiii,
573 3839 701 3914 interpres
715 3837 845 3916 apostoli,
866 3842 993 3914 interpres
1005 3837 1131 3913 psalterii
1143 3853 1195 3894 ne-

87 3925 167 3982 mina
182 3924 252 3981 haec
273 3921 459 3999 sumpserint,
483 3941 534 3999 per
556 3940 588 3978 se
608 3926 708 3979 notum
737 3927 789 3979 est.
832 3922 963 3980 videntur
981 3926 1076 3980 antem
1098 3920 1195 3978 unius-

86 4010 227 4084 cuiusque
242 4009 353 4085 generis
376 4007 463 4064 fuisse
484 4007 590 4085 gradus
612 4007 721 4064 diversi.
764 4025 830 4065 nam
854 4027 878 4065 c.
899 4011 919 4068 6
940 4027 968 4084 p.
996 4005 1037 4069 46
1076 4007 1116 4068 12
1143 4023 1196 4062 nn-

86 4095 180 4154 minat
196 4094 323 4152 Codiuus
342 4091 624 4170 protepostolarinm,
638 4092 668 4148 id
690 4099 735 4150 est
751 4095 867 4170 primum
888 4094 1052 4168 interpretem
1071 4091 1194 4168 apostoli.

160 4207 226 4262 md.
260 4199 278 4260 ά
302 4200 472 4266 διδάσκαλος
494 4205 546 4257 τοῦ
568 4199 736 4274 εάαγγεῖάοα]
761 4203 845 4260 'huius
868 4208 897 4258 et
924 4189 1084 4273 sequentium
1107 4218 1197 4267 surc-

89 4291 146 4332 rum
166 4284 294 4332 craterum
312 4291 417 4331 munera
432 4275 465 4330 ad
484 4273 558 4328 unius
577 4274 688 4328 officinm
703 4280 828 4329 revocant
840 4273 983 4329 Allatienar
999 4269 1018 4332 ,d
1030 4267 1200 4334 didicentes
