2958 4918
287 318 357 388 182
443 313 653 382 GRETSERI
669 313 723 380 ET
742 311 874 380 GOARI
886 311 1230 394 GOMMENTARlUS

353 477 508 534 Habuerunt
526 471 642 529 'Romani
666 473 770 528 comites
793 473 890 528 ιλιιίιιιίί
915 472 1094 544 imperatorii,
1119 471 1152 526 de
1175 473 1270 544 quibus
1292 475 1390 530 Paulus

285 549 415 607 Diaconos
442 548 460 600 l.
480 548 513 602 17
529 553 564 597 «ολ
585 545 617 598 1..
642 545 675 597 99
700 561 722 596 ο.
742 543 873 598 Theodoa.
903 543 936 595 de
960 545 1068 595 Annona
1099 546 1127 594 et
1153 543 1275 598 Tributis
1301 545 1321 598 Ι.
1349 548 1390 600 11.

286 618 383 670 Graeci
407 615 504 685 pariter
527 615 603 666 etiam
625 613 731 666 vocibus
753 613 858 666 consoni
883 611 1021 664 Baduriusu
1044 609 1133 664 lunini
1157 612 1267 666 fratrem
1279 610 1391 682 κόμητα

284 689 341 740 τῶν
361 686 505 756 βασιλικῶν
522 682 664 748 aselano,
691 682 768 736 alium
788 699 821 734 ue
850 694 1001 747 anonymum
1029 680 1118 732 eaden
1149 683 1327 751 apellatione
1352 683 1392 735 iu-

259 787 264 796 ·
286 754 408 823 signitum
429 753 498 824 apud
517 752 700 820 Theophanem
717 759 746 804 et
766 698 879 805 heoneru
904 749 1102 804 Grammaticuun
1123 749 1150 805 in
1171 699 1323 822 focapran
1351 751 1392 805 ia·

287 832 371 879 οιαιιι.
406 822 493 880 abiis
517 821 614 874 vetusti
635 821 730 873 Franci
754 821 881 888 regiorum
904 819 1061 872 stabulorum
1081 822 1186 872 comites
1204 821 1393 888 wnnestohles,

289 892 385 946 Graeci
401 892 556 945 recentiores
574 907 634 942 suos
652 890 852 951 κονεσταύλοιις
875 885 1080 949 πονοσταόλονς
1101 888 1144 941 vel
1167 887 1395 950 κοντοσταόλοας

288 961 431 1028 deducuut3
448 963 591 1014 hostamen
612 957 727 1012 abistis.
761 976 813 1010 reru
853 956 922 1010 aucis
940 955 1035 1026 aperio.
1069 956 1175 1010 comites
1192 957 1321 1011 neoterici
1331 954 1394 1011 κόν-

289 1048 356 1092 σονς
373 1031 417 1098 (ne
434 1025 564 1095 κοντοός,
584 1029 631 1082 hoo
649 1033 690 1080 est
707 1029 811 1096 δτινιι,
828 975 933 1094 haeris)
953 1025 1097 1094 appellant,
1115 1033 1144 1077 ut
1160 1026 1272 1079 Nicetes
1292 1027 1322 1079 in
1341 1030 1394 1079 λιι-

290 1101 395 1154 dronico
413 1100 431 1154 l.
450 1102 480 1154 1ι
504 1093 607 1152 οόκοόν
623 1101 683 1158 τοῖς
699 1099 863 1165 στρατηγοῖς
879 1090 1084 1162 όπτανόμινος,
1112 1087 1160 1158 uiis
1181 1093 1306 1158 κόντονς
1330 1095 1394 1165 einp

290 1188 333 1230 τις
358 1161 394 1222 dv
416 1167 522 1236 Λατίνῃ
547 1161 680 1235 διαλέκτῳ
709 1165 854 1234 χριόμενος.
908 1165 1015 1217 stabulo
1042 1164 1148 1216 σταῦλα
1175 1166 1219 1217 vel
1248 1160 1395 1224 στοιόλοας.

290 1237 488 1307 Moscbopulus=
507 1235 628 1296 ἱππῶνες
645 1230 841 1303 ίπποστάσεις,
861 1233 983 1286 σταῦλοι.
1018 1249 1051 1285 ex
1068 1236 1178 1302 utroque
1193 1233 1268 1286 nhllo
1286 1234 1395 1302 nogotio

290 1306 494 1366 κοντοσσαόλος
516 1309 625 1356 creatur.
660 1320 693 1355 ex
719 1303 821 1355 Gallico
844 1302 1008 1356 conoestoble
1032 1301 1176 1367 deduxisti,
1203 1302 1323 1374 inquies.
1359 1301 1397 1354 di·

291 1385 360 1428 ctunn
378 1375 445 1432 volo.
478 1373 571 1426 Franci
588 1389 710 1440 namque,
726 1379 756 1425 ut
774 1369 973 1426 Christianorum
991 1371 1057 1428 bono
1078 1371 1149 1434 nati,
1165 1389 1197 1424 aa
1214 1371 1399 1442 qnagaudeut

292 1445 320 1498 in
338 1450 441 1496 exteras
457 1443 576 1510 regiones
594 1441 744 1494 excurrendi
767 1441 886 1506 licentia,
910 1439 1100 1508 frequentinae
1117 1441 1246 1505 Graecis,
1274 1441 1358 1496 fidem
1373 1441 1397 1491 in

294 1517 439 1567 Saracenos
462 1511 662 1632 propugnaturi,
689 1510 815 1580 stipendia
838 1509 1050 1630 promerebantur
1074 1513 1113 1573 (ut
1135 1509 1257 1564 Rusalius
1282 1510 1333 1562 ille
1359 1507 1399 1578 qui

294 1581 488 1652 quadringentis
535 1579 618 1631 rancis
642 1579 708 1650 apud
735 1579 914 1648 Curopaatem
932 1583 959 1632 et
975 1580 1071 1630 hunam
1089 1577 1242 1632 camoenam
1262 1579 1399 1632 adiunctus

297 1653 457 1702 Graecorum
475 1649 612 1701 exercitum
628 1648 760 1713 docebat),
777 1647 918 1716 ducemque
934 1663 1006 1700 suum
1024 1646 1124 1698 nonnisi
1140 1646 1320 1717 appellatione
1333 1647 1399 1719 apud

295 1736 357 1774 snos
373 1719 479 1772 colenda
496 1717 590 1772 dictum
609 1718 751 1770 voluerunt.
787 1733 854 1787 quae
873 1733 935 1770 vero
951 1715 1049 1768 stabuli
1065 1716 1171 1784 οοιιιίιο,
1193 1716 1273 1784 vulgo
1292 1726 1401 1770 canatu-

280 1789 407 1856 ·bolorio,
421 1787 568 1840 honoratior
579 1802 637 1838 esse
650 1787 733 1856 potnit
750 1791 795 1838 aut
811 1785 860 1838 sibi
876 1785 1016 1851 decentior,
1032 1785 1086 1838 τοῦ
1101 1785 1284 1839 monastello?
1323 1805 1359 1840 en
1375 1791 1402 1836 ut

295 1858 331 1912 ad
348 1859 413 1910 hauc
431 1873 520 1909 vocem
536 1856 607 1908 uelut
623 1855 650 1908 iu
667 1858 761 1908 iontem
778 1855 875 1908 Granni
892 1855 1006 1906 referant
1021 1867 1082 1906 suos
1098 1854 1344 1922 ποντοσταύλους,
1363 1855 1401 1906 in·

296 1936 340 1980 ter
351 1943 414 1996 quos
433 1927 565 1993 Gregoras
583 1931 610 1977 et
626 1923 816 1990 Chalcondyles
832 1918 1036 1984 κονοσταόλονς
1052 1924 1223 1992 pronuntiant.
1260 1923 1402 1976 dictionem

296 2005 382 2048 tannen
394 1994 462 2063 apud
481 2001 599 2046 auctores
616 1992 706 2046 Alexio
726 1993 855 2045 Comneno
872 1991 1033 2064 superiores,
1051 2008 1100 2044 uec
1117 1991 1267 2062 dignitatem
1279 2011 1315 2045 eo
1330 1994 1401 2063 prio-

297 2081 351 2118 rem
367 2063 498 2132 reperisse
523 2069 551 2114 at
573 2062 608 2186 βο
631 2061 722 2114 comite
739 2060 835 2115 stabuli
853 2061 896 2114 vel
908 2061 1072 2116 ‘contestaulo
1089 2076 1138 2116 ceu
1154 2061 1319 2116 Francorum
1339 2062 1402 2114 duee

296 2139 407 2188 testatur
424 2139 516 2186 auctor
532 2149 555 2185 c.
593 2168 600 2182 .

382 2225 445 2301 p.9
463 2239 489 2282 v.
508 2226 536 2288 9.
574 2219 696 2300 Magnus
716 2220 872 2300 logotheta]
895 2219 964 2299 quid
987 2221 1025 2282 sit
1046 2219 1209 2300 logotheta,
1224 2220 1286 2278 iam
1301 2219 1323 2278 l.
1345 2223 1402 2282 1c.

297 2308 536 2386 dexplicavimus.
556 2314 586 2367 et
607 2308 731 2384 quanvis
755 2307 870 2368 Nicetes
896 2309 972 2368 dicat
995 2325 1058 2366 esse
1078 2327 1143 2366 eum
1162 2306 1211 2382 qui
1226 2305 1345 2366 Ietinis
1367 2307 1403 2362 sit

297 2393 492 2474 cancellarius,
518 2401 611 2453 tamen
633 2395 662 2452 id
683 2394 788 2470 ubique
807 2392 898 2453 locum
915 2392 1018 2452 habere
1040 2411 1098 2452 non
1115 2397 1219 2471 potest.
1240 2391 1307 2466 quis
1329 2393 1404 2449 enim
1463 2437 1464 2448 ,

297 2479 472 2556 logothetam
483 2473 608 2560 αἠιλοίν,
627 2483 769 2558 pecuarios
785 2497 836 2538 seu
848 2497 969 2557 gregum,
983 2484 1064 2540 vocet
1084 2475 1292 2554 cancellarium,
1314 2483 1353 2536 ut
1376 2481 1405 2534 et

297 2564 472 2643 logothetam
484 2569 540 2628 τοῦ
554 2557 686 2644 δρόμον,
709 2566 822 2625 corsos?
1178 2591 1181 2598 ·

368 2663 434 2716 ibid.
469 2657 625 2730 λοηοθέτην
652 2679 668 2714 a
693 2661 794 2729 Gyrillo
819 2665 848 2714 et
872 2677 889 2714 a
914 2661 1100 2730 qusostonuo
1125 2659 1158 2713 de
1182 2659 1285 2715 Poenit.
1300 2659 1405 2730 acpri·

302 2747 369 2784 nrum
388 2747 403 2782 e
421 2731 538 2783 Cedreuo
556 2731 582 2782 in
600 2731 735 2783 Anastasio
753 2737 933 2795 memoratum,
957 2747 1046 2784 veram
1069 2731 1097 2782 in
1115 2729 1166 2782 alio
1184 2747 1260 2799 quam
1277 2729 1325 2799 qui
1346 2746 1393 2798 per

301 2806 430 2853 tractatur
445 2817 522 2853 sensu
540 2798 656 2869 reperio:
681 2815 805 2868 praeseus
822 2799 888 2852 anian
906 2806 946 2852 est
961 2817 1012 2854 non
1032 2799 1075 2868 qui
1093 2798 1202 2866 aerarii,
1229 2798 1276 2852 sed
1294 2798 1343 2867 qui
1358 2815 1405 2868 pu·

301 2868 361 2920 blici
381 2867 509 2936 regiminis
526 2871 641 2922 rationes
654 2868 739 2938 ponit.
770 2885 879 2937 magona
896 2885 1005 2938 nonoque
1022 2868 1154 2936 logotheta
1173 2885 1229 2920 curn
1245 2867 1405 2937 imperatore

301 2937 438 2990 communis
453 2936 513 2988 boni
532 2937 656 2989 rationem
675 2937 770 3000 babet,
796 2955 839 2990 rea
856 2938 924 2990 unda
938 2937 1096 3008 reipublicae
1113 2937 1268 2990 commodum
1288 2943 1316 2988 et
1330 2935 1405 2988 simul

300 3005 423 3074 principis
442 3007 576 3057 thesaurus
599 3007 716 3074 augescit
738 3005 916 3072 administrat,
950 3015 978 3059 et
1006 3006 1114 3072 denique
1144 3005 1244 3057 cunctis
1274 3005 1405 3075 providet.

301 3079 336 3126 de
351 3074 396 3128 illo
415 3075 562 3140 (tregentos,
589 3076 634 3128 nbi
652 3075 686 3128 de
703 3075 853 3142 Muzolone,
871 3077 889 3129 6
904 3079 935 3129 22
958 3065 995 3142 ἦν
1012 3069 1027 3127 ό
1045 3069 1203 3138 Μονζαλιδν
1220 3069 1404 3143 (λοηοθίτης)

301 3143 344 3212 τιό
368 3143 478 3214 βασιλεῖ
499 3141 755 3207 παραδαναστεόιον
774 3141 853 3213 τότε,
879 3143 928 3197 καλ
949 3148 1010 3204 τοῖς
1027 3143 1179 3213 βασιλικοῖς
1194 3141 1242 3196 καλ
1260 3142 1407 3211 δημοσίοις

301 3208 449 3281 μεσιτείαν
470 3207 628 3280 πράγμασι,
658 3211 707 3266 καλ
728 3209 806 3279 παρά
830 3214 881 3266 τοῦ
906 3209 1036 3282 βασιλέως
1056 3212 1185 3280 μεγίστην
1209 3207 1407 3279 καρπούμενος

302 3274 357 3348 τὴν
380 3277 452 3332 αἰδῶ
473 3278 522 3334 διά
543 3299 573 3334 τε
596 3282 699 3349 σοφίαν
720 3279 768 3335 καὶ
791 3282 878 3350 γῆρας
900 3275 1011 3349 μαιιράν
1037 3278 1085 3336 καὶ
1103 3280 1234 3348 ποικίλην
1259 3273 1406 3349 ἐμπειρίαν

302 3345 736 3473 ιιιιιιιιπιιικίιιι
751 3345 973 3472 italas
988 3349 1406 3472 solstitiatibus

304 3437 566 3554 διαταγμάάοινόόν
580 3436 825 3558 εΑηιοδειοδοόίτην
841 3487 956 3555 τίθησιν
977 3483 1122 3573 Ἰωάννην.
1157 3483 1207 3541 καὶ
1223 3477 1261 3554 ἦν
1277 3437 1319 3559 gr}
1335 3437 1404 3550 όόόρο-

302 3552 386 3626 σοίπςο
404 3557 455 3608 τοῦ
472 3551 603 3626 βασιλέως
619 3553 665 3610 ciat
680 3551 887 3623 ὀπτανόμενος,
910 3554 959 3608 καί
982 3551 1017 3612 τά
1041 3573 1144 3610 τονιοιι
1165 3549 1327 3624 ἐντάλματα
1353 3552 1406 3610 ὅσα

303 3623 353 3678 καὶ
372 3619 502 3691 ἐμφάσεις
518 3619 549 3678 ἐκ
566 3626 724 3688 κρείττονος
739 3625 837 3692 μοίρας
854 3620 1008 3695 δεχόμενος.
1044 3626 1214 3695 Curopalates
1231 3625 1258 3678 in
1276 3625 1405 3678 Michaale

303 3693 488 3777 Parapinaciot
509 3691 548 3754 είς
563 3692 616 3762 την
632 3695 688 3747 τῶν
705 3695 808 3747 κοινῶν
825 3694 962 3762 διοίκησιν
979 3691 1228 3762 καταστησάμενος,
1248 3691 1405 3761 inpudicos

302 3759 391 3816 αότον
407 3759 625 3833 προβαλόμενος.
661 3762 683 3814 is
706 3781 756 3815 nun
776 3763 895 3816 absimilis
915 3780 1010 3817 summo
1025 3763 1094 3831 regii
1112 3763 1259 3831 publiciqne
1276 3763 1341 3816 iuris
1359 3763 1405 3814 ad·
1464 3797 1465 3800 =

302 3832 436 3894 ministro,
462 3849 536 3902 quens
565 3849 709 3902 supremum
734 3833 910 3886 cancellarium
934 3834 1038 3885 Graeco
1062 3831 1158 3886 Νίσαια
1182 3839 1250 3884 teste
1272 3847 1405 3885 vocamus:

302 3894 388 3966 dphv
404 3897 454 3954 τόν
472 3897 595 3968 οἰκεῖον,
620 3895 656 3962 ὡς
673 3896 692 3969 ἡ
710 3901 837 3954 Λατίνων
855 3897 984 3972 βοόλσται
1008 3897 1106 3968 φωνή,
1129 3897 1348 3968 καηκολλάριον,
1371 3901 1407 3952 ita

304 3968 395 4022 scribit
413 3969 523 4022 eiusdem
541 3970 669 4022 Manuelis
687 3970 705 4022 l.
723 3973 755 4037 7,
771 3965 807 4032 ὡς
824 3965 992 4039 δ’Ἕλληνες
1011 3971 1116 4025 alnotus
1132 3965 1290 4038 λομοδὲτην
1308 3959 1357 4037 (ἡν
1374 3963 1404 4021 δὲ
1464 3979 1465 3990 ’

304 4025 386 4098 οὖτος
402 4035 418 4090 ό
436 4036 599 4106 Μαγέντζης
615 4034 775 4104 ἐπίσκοπος)
793 4035 923 4107 ἔπεμψεν.
958 4041 1002 4092 iax
1020 4039 1087 4106 alia,
1110 4056 1163 4107 qua
1182 4057 1234 4091 vox
1254 4041 1405 4100 illustratur,

303 4105 365 4158 anibi
384 4107 515 4176 superflua
533 4116 581 4160 est.
617 4109 793 4161 animadverte
809 4109 882 4161 ruodo
899 4108 1055 4175 logothetam
1071 4107 1143 4178 prius
1157 4107 1240 4160 fuisse
1257 4108 1301 4177 qui
1314 4107 1404 4177 publici

305 4174 399 4228 aerarii
422 4183 543 4243 quaestor
565 4183 685 4241 vocatur;
709 4176 742 4229 do
763 4193 813 4244 quo
836 4193 912 4229 sensu
938 4193 984 4228 nos
1005 4177 1088 4243 inira,
1114 4176 1157 4229 ubi
1175 4179 1337 4244 logothetam
1357 4175 1406 4230 τοό

224 4273 229 4280 -
303 4243 415 4312 μανικοῦ
437 4259 601 4325 exponemus.
635 4241 722 4312 μέγαν
746 4246 813 4300 hunc
837 4242 993 4316 lopoda'cno
1019 4252 1077 4300 anto
1100 4245 1183 4298 alexii
1214 4259 1332 4315 ternpore
1362 4243 1404 4296 vix

304 4312 419 4365 auditum
437 4328 506 4365 σοιοι
527 4312 671 4382 διοικητοῦ
690 4332 778 4368 vocant
795 4315 850 4368 eiua
867 4331 958 4368 munus
974 4315 1041 4385 apud
1055 4313 1176 4384 anitiquos
1194 4315 1352 4386 significasse
1368 4315 1404 4368 la·
