3034 4916
467 271 546 387 tn
571 309 720 384 ooonu
745 313 830 383 osu
853 309 921 437 a..
1087 345 1091 355 «
1172 314 1247 392 ιιι

95 481 104 498 ·
217 491 244 547 p.
255 473 291 532 67
301 490 327 530 v.
338 471 364 530 8.
381 473 530 532 Τοίοιλῖοοιι
547 467 731 547 λόρτᾶξοοθαι
740 470 815 532 mcci
825 470 878 547 τ’ἠν
892 477 1040 547 παροῦσαν
1054 472 1164 549 ἡμέραν
1180 481 1249 550 (pel-

148 560 245 601 marum
260 543 396 616 pervigilio
433 535 576 616 ἒτᾶγθτγὴ
595 543 728 614 Λαζάρου
749 541 866 616 ἔγερσιρ,
889 541 935 600 ὅτι
962 543 992 602 oi
1005 542 1082 616 ἅγιοι
1103 546 1153 602 aui
1177 553 1246 604 θοο-

148 611 239 688 φόροι
247 605 367 684 ματέρες
404 613 462 683 μῶν
493 617 598 684 μᾶλλον
615 609 648 672 ii
666 611 697 670 oi
711 607 786 686 ἅγιοι
808 609 974 686 ἅττόστολοι,
998 613 1067 684 perci
1083 613 1136 688 τὴν
1151 634 1246 673 τεσσα-

148 679 363 752 ραιιονθήμερον
379 652 508 751 νηστείαν
524 679 573 737 dmi
589 677 643 754 τὴν
658 679 800 750 κάθαρσιν
820 680 856 739 τοὶ
881 679 948 754 ἅγια
970 681 1054 754 πάθη
1071 687 1122 739 τοῦ
1146 685 1246 752 ιιυρίου

146 749 227 838 ἡμῶν
239 748 332 820 Ἰησοῦ
346 752 467 818 Χριστοῦ
489 747 632 822 μέλλοντες
647 751 857 822 πανηγυρίζειν,
875 747 972 822 ἐπειδὴ
996 754 1080 807 τοῦτο
1096 750 1128 807 ssi
1144 757 1245 824 θαῦμα

147 815 239 890 αργὴν
255 817 305 874 ναὶ
319 816 413 874 αἰτίαν
435 816 554 890 μάλιστα
576 811 659 890 οὖρον
681 823 733 891 τῆς
755 818 829 876 sorti
852 824 904 876 τοῦ
924 823 1045 891 Χριστοῦ
1063 824 1165 893 μανίας
1188 828 1246 879 suiv

144 885 307 960 Ἰουδαίαν,
328 882 401 944 nurci
419 891 504 944 τοῦτο
521 883 649 946 ἐνταῦθα
665 886 698 946 τὸ
713 886 855 962 ὑπερφυὲς
870 892 955 964 τοῦτο
970 888 1114 961 τιροίστιον
1131 889 1244 952 idaeam·

230 995 269 1056 t'b'.
291 1013 317 1054 v.
341 997 389 1058 12.
417 988 567 1073 ἅλλᾶσσει]
589 993 728 1055 Meursius
747 1016 773 1055 v.
792 991 1006 1077 ἅλλαξιμοῖριον
1020 997 1088 1058 dicit
1107 999 1245 1059 recentio-

147 1098 193 1138 res
213 1079 338 1138 Graecos
356 1073 513 1142 ἅλλᾶσσειν
531 1081 692 1160 simpliciter
712 1081 804 1140 dicere
818 1101 871 1162 pro
895 1083 1002 1141 induere
1025 1089 1139 1153 vestem·
1164 1085 1248 1143 citat-

149 1183 205 1240 que
216 1164 292 1224 hunc
305 1165 398 1223 iocum
412 1172 444 1225 et
457 1181 522 1224 eum
540 1167 588 1243 qai
601 1167 686 1245 panio
700 1173 768 1246 post
780 1169 816 1225 de
831 1168 1002 1248 principibus
1017 1169 1153 1246 sequitur.
1194 1171 1254 1244 ads

149 1250 274 1310 (incitet
291 1249 376 1310 alium
390 1269 430 1322 ¹en
448 1249 637 1330 Euehologb,
663 1251 747 1312 alium
765 1253 886 1330 deniqne
903 1271 937 1312 ex
950 1251 1047 1312 Marco
1060 1253 1247 1314 Hieronem:

148 1333 210 1394 cho.
252 1335 318 1394 hinc
336 1328 510 1417 ἅλλοὶγματα
526 1341 555 1396 et
571 1333 697 1419 α’λλαγαλ
712 1338 841 1398 absolute
856 1339 1015 1398 indumenta.
1057 1341 1183 1415 quamvis
1197 1358 1247 1397 au-

148 1426 207 1479 tem
225 1421 319 1480 nuilus
333 1439 369 1480 ex
385 1422 428 1480 his
441 1422 509 1482 iocis
521 1423 682 1502 simpliciter
697 1425 806 1484 evincat
819 1425 849 1482 id
865 1425 1015 1500 quodvult
1031 1424 1180 1502 biennius,
1195 1425 1247 1496 de-

147 1525 211 1565 mus
222 1511 318 1568 tamen
329 1507 359 1565 id
373 1507 413 1565 ita
427 1527 504 1568 esser
524 1509 643 1568 libenter
655 1509 775 1568 vicissim
788 1511 922 1570 fatebitur
938 1511 1082 1570 notionem
1094 1512 1130 1568 de
1154 1515 1247 1570 mnte-
1273 1537 1276 1542 ·

148 1591 227 1650 tione
243 1593 364 1656 vestium
376 1593 430 1673 ipsi
443 1593 578 1654 vocabulo
593 1596 835 1673 congruentiorem
851 1615 930 1676 esse,
961 1602 991 1656 et
1005 1596 1079 1655 hanc
1095 1597 1248 1656 secundam

148 1677 234 1755 quasi
249 1678 435 1737 adventiciam
448 1681 507 1738 iure
521 1681 635 1739 censeri.

216 1773 281 1826 ibid.
324 1772 391 1826 hand
413 1781 514 1838 mutat,
538 1779 570 1827 ut
591 1768 775 1843 praemisum,
799 1773 860 1844 quin
891 1775 977 1844 potins
1006 1787 1081 1828 unam
1106 1773 1248 1844 imperato-

120 1877 125 1885 .
147 1840 193 1894 riis
210 1857 243 1894 ex
259 1839 374 1894 vestibus
391 1842 423 1894 ab
441 1841 552 1914 antiquis
567 1842 762 1914 imperatoribus
779 1849 908 1913 acceptam
925 1844 982 1912 ipse
996 1844 1101 1897 assumit
1111 1851 1138 1896 et
1148 1845 1246 1900 induit.

148 1911 259 1962 observo
283 1924 361 1979 porro
384 1909 499 1980 pluribus
523 1911 717 1994 imperatoribus
737 1913 826 1966 eadem
850 1911 1029 1980 vestimentn,'
1043 1927 1090 1965 ceu
1115 1911 1248 1980 dignitatis

148 1995 225 2047 quam
242 1992 367 2048 personae
382 1979 462 2047 magis
478 1997 599 2052 propria,
616 1981 778 2037 deserviisse.
803 1981 862 2034 binc
877 1981 1051 2050 Imitprandas
1076 1979 1199 2033 vilitatem
1222 1987 1249 2034 et

147 2052 305 2100 vetustatem
322 2063 408 2100 eorum
425 2051 564 2104 subsannat
579 2050 606 2103 in
623 2047 774 2134 Legatione.
791 2067 858 2121 quas
875 2051 1032 2104 nihilomiuus
1051 2047 1115 2103 adeo
1132 2055 1248 2103 vetustas

148 2123 357 2188 consumpserat,
374 2115 535 2189 Theophilus
551 2115 584 2172 aii
602 2127 648 2172 aot
662 2121 803 2174 interiectis
820 2120 891 2174 annis
908 2120 1051 2174 renovavit.
1082 2119 1139 2172 beo
1151 2121 1248 2177 Gram-

149 2185 258 2240 maticus
273 2185 301 2238 i‘n
317 2185 372 2239 eius
388 2185 455 2240 vita:
480 2183 558 2241 ἐκαιν
595 2205 692 2257 ργησεν
709 2184 741 2242 di
758 2187 807 2242 nai
829 2185 881 2254 τοὶρ
898 2183 1041 2261 βασιλικὰς
1060 2183 1158 2252 στολὰς
1175 2183 1246 2242 ἅνα-

148 2254 255 2316 recisus
269 2251 316 2308 καὶ
330 2254 560 2325 γρυσοϋφολντους
575 2258 798 2328 ιιατοιιιοσμήσας.

218 2339 253 2394 ib.
270 2357 296 2394 v.
315 2341 356 2396 16:
386 2335 499 2409 στέμμα]
518 2345 571 2394 tum
587 2351 675 2395 auctor
691 2349 745 2396 tum
761 2341 853 2412 reliqui
869 2339 1066 2414 scriptores'aiii
1076 2409 1079 2416 1
1089 2359 1190 2416 semper
1202 2343 1248 2416 in·

89 2479 93 2486 Ι
150 2406 270 2477 tellignnt
284 2409 444 2478 imperatoris
458 2409 574 2464 diadema
589 2411 671 2465 maius
687 2417 715 2463 et
731 2413 855 2478 ornatius.
907 2433 910 2438 ·

236 2498 301 2560 ibid.
324 2498 445 2575 saccum]
478 2498 575 2558 Iunius
597 2507 709 2576 sogam,
737 2507 797 2560 tem
823 2500 868 2560 hic
896 2521 986 2578 quam
1017 2521 1122 2580 supra3
1149 2506 1178 2559 et
1203 2499 1235 2560 iu

150 2588 247 2642 annot
274 2583 385 2643 Gallica
399 2603 453 2642 υου
469 2590 593 2664 corrupta
613 2605 647 2644 ex
668 2605 772 2663 sogum
790 2587 890 2646 mirum
906 2605 941 2645 ex
955 2586 1071 2644 Oriente
1084 2605 1141 2644 non
1156 2605 1249 2644 accer-

150 2669 234 2727 sitam
251 2669 472 2746 originationem.
514 2690 563 2729 cur
579 2689 684 2729 succum
700 2672 795 2750 potius
812 2690 830 2730 a
846 2691 913 2748 sugo
928 2689 1011 2746 quam
1030 2690 1048 2729 a
1064 2691 1140 2730 sacco
1159 2671 1249 2728 Grae-

151 2754 191 2812 cis
214 2752 380 2830 Latinisque
402 2756 541 2813 communi
566 2757 761 2816 deducamus?
803 2777 852 2815 cur
869 2775 965 2833 sogam
983 2757 1153 2834 reddamus,
1185 2776 1248 2840 cum

150 2858 210 2898 non
228 2839 266 2898 sit
279 2845 389 2898 tantum
402 2841 489 2898 vestis
506 2839 631 2899 militaris
644 2842 696 2898 sed
713 2848 743 2901 et
762 2841 899 2918 forensis,
929 2859 981 2901 nec
997 2842 1116 2901 forensis
1137 2847 1248 2901 tentmn

150 2925 203 2996 sed
222 2931 252 2983 et
268 2925 472 2984 ecclesiastica?
491 2932 524 2985 ut
538 2926 653 3005 pianum
665 2926 699 2984 fit
712 2947 746 2985 ex
764 2926 950 3005 Tarcograec.
972 2948 1001 3008 p.
1013 2931 1070 3005 20,
1093 2927 1142 2984 ubi
1160 2927 1247 2987 vestis

152 3011 291 3085 quaedam
310 3011 493 3090 patriarchica
511 3031 604 3072 ιοοοιιτ
629 3012 797 3074 nominatum.
830 3015 911 3093 filine
929 3015 986 3072 οιύι
1003 3019 1155 3086 commento
1168 3013 1247 3072 dede-

150 3101 216 3154 runt
223 3098 404 3174 patriarcit'o,
425 3095 455 3171 ἐξ
472 3089 518 3158 ἅν
534 3095 613 3159 ἐστὶν
630 3093 647 3159 ὁ
665 3094 778 3172 cinnor
792 3095 810 3161 o‘
825 3093 946 3178 α’ργαῖος
967 3096 1022 3172 ἕως
1041 3101 1097 3159 τοῦ
1112 3101 1187 3171 νῦν,
1211 3115 1246 3156 ea

152 3182 246 3260 paribus
265 3181 396 3260 consectus
411 3187 450 3240 est
465 3189 540 3241 aetus
553 3183 599 3241 ilie
617 3201 710 3242 saccus
718 3205 729 3254 ,-
749 3187 796 3263 qai
808 3185 883 3243 bodie
894 3203 994 3263 guoque
1008 3183 1100 3244 durat.
1143 3183 1247 3242 ubire-
1284 3181 1290 3200 ⁸

151 3271 198 3324 cte
210 3265 347 3346 interpres
358 3267 527 3348 pontificiam
540 3274 647 3328 vestem
664 3269 873 3349 interpretetur.
917 3267 1099 3344 distinguitur
1115 3287 1211 3330 saccus
1229 3287 1248 3328 a

151 3351 276 3430 υιοσάγο.
317 3352 348 3410 id
365 3352 469 3410 clarum
481 3371 515 3412 ex
529 3354 581 3412 his.
623 3354 767 3414 Codinus:
789 3347 923 3418 ἐνδύεται
939 3348 1042 3418 incisu
1056 3356 1113 3417 rori
1123 3347 1246 3418 »οᾶιιιιου

151 3433 205 3500 soei
222 3429 404 3517 διαδήματος
422 3430 559 3516 parisius
576 3443 716 3519 χρυσοῦν.

201 3533 563 3605 'autumabamus
586 3547 725 3622 ὡσαύτως]
748 3551 866 3621 antiquas
887 3567 919 3605 aa
940 3550 1033 3607 officiis
1055 3552 1249 3621 ministeriisque

152 3617 329 3674 accommodas
347 3626 432 3673 vestes
453 3620 530 3672 etiam
547 3621 645 3674 aulicos
669 3621 810 3692 Nicephori
834 3620 860 3672 in
883 3621 1046 3690 processione
1065 3629 1179 3690 gestasse
1195 3639 1249 3675 me-

153 3694 239 3742 morat
256 3686 428 3755 Luitprandus
444 3688 470 3741 in
487 3689 579 3758 Legat.
597 3691 642 3743 aed
659 3697 699 3756 et,
716 3691 812 3759 inquit,
829 3692 964 3759 optimates
983 3691 1039 3757 ani,
1058 3691 1103 3760 pai
1119 3708 1177 3742 cam
1193 3693 1249 3760 ipso

152 3775 201 3830 per
217 3757 345 3826 plebeium
361 3763 388 3810 et
404 3758 588 3812 discalceatum
602 3759 792 3813 multitudinem
809 3759 887 3812 iatam
903 3761 1082 3830 transierunt,
1100 3760 1205 3830 maguis
1222 3766 1250 3815 et
1318 3773 1324 3790 ¹

86 3887 90 3896 ¹
153 3843 256 3898 magua
266 3831 393 3879 vetustata
407 3827 510 3880 rimatis
527 3829 621 3882 tunicis
637 3836 713 3882 οταιιλ
729 3830 829 3884 indoti.

244 3954 252 3970 .
263 3914 297 3967 68
308 3928 335 3967 v.
346 3913 373 3966 2.
399 3907 523 3976 itiitere
541 3908 624 3983 ἔθνη]
653 3914 790 3984 Theophili
811 3931 875 3986 opus
900 3931 957 3970 esse
973 3916 1021 3968 hoc
1032 3912 1156 3966 cauticum
1167 3915 1249 3968 testa-

154 3981 199 4036 tur
232 3982 354 4037 'edreuaa
371 3974 569 4050 ἐφιλοτιμεῖτο,
585 3983 683 4054 inquit,
701 3983 749 4036 nui
765 3980 886 4056 μελῳδὸς
902 3979 991 4050 εἷναι,
1013 3975 1065 4056 dcci
1080 3978 1129 4033 καὶ
1145 3974 1250 4047 ὕμνους

154 4052 245 4105 ποιῶν
260 4045 338 4112 τινὰς
354 4049 402 4104 cot
417 4047 531 4119 στιγηροὶ
548 4051 661 4120 petitam
676 4048 799 4106 uideritne
815 4047 993 4120 προέτρεπον.
1019 4047 1134 4118 φέρεται
1151 4047 1183 4104 δὲ
1200 4051 1251 4104 ναί

155 4139 198 4182 τις
214 4117 310 4188 λόγος,
326 4116 364 4181 ὡς
379 4117 460 4185 ἔρωτι
476 4117 641 4204 scriptitare
651 4105 825 4244 ςᾶλλόμινος
839 4116 913 4175 susci
935 4115 988 4187 τὴν
1009 4113 1130 4187 μεγᾶλην
1152 4112 1247 4203 issig-

155 4190 220 4243 σίαν
236 4187 266 4243 ἐν
284 4189 418 4258 φαιδραΐς
433 4205 617 4258 πανηγυρισιν
635 4209 650 4244 ο
678 4186 865 4262 ,παρῃτήσατο
881 4185 914 4243 τὸ
932 4191 1112 4258 χειρονομεῖν.
1131 4195 1158 4242 et
1168 4190 1247 4242 mirae

156 4254 206 4312 sai
222 4251 255 4310 mi
270 4251 397 4344 ccczsppsis
414 4251 446 4311 di
463 4247 535 4310 ιιατᾶ
552 4253 604 4326 τὴν
621 4257 778 4330 βαϊοφόρον
800 4253 832 4312 τὸ
857 4250 982 4322 ἐξέλθατε
1008 4253 1097 4330 ἔθνη,
1120 4249 1247 4326 λξὲλιθετο

157 4323 207 4380 καὶ
223 4326 303 4395 λαοί,
319 4345 369 4406 τον
385 4319 494 4384 ἐκείνου
510 4326 596 4398 φασὶν
613 4324 685 4384 εἷναι
699 4325 783 4384 τόκον
799 4327 897 4400 ψυχῆς.
