2968 4924
271 276 372 392 126‘
426 314 635 387 asarsual
650 314 705 380 nr
720 314 853 382 cosm
867 283 1201 384 commuuimus

265 483 285 544 l.
299 481 320 546 4
334 481 415 562 epist.
427 477 468 544 34
479 483 606 542 nominat
618 500 649 540 se
662 482 827 542 sacellarium
839 481 1004 542 Romanum
1017 485 1115 562 putaui
1123 481 1265 555 interdum,
1278 482 1374 562 inquit

266 569 404 628 Batonius
424 566 505 648 (tom.
528 575 548 636 8
571 587 646 626 anno
668 568 775 626 Christi
796 569 858 632 595
876 589 951 628 num.
976 568 1030 647 17)
1045 573 1075 629 ia
1094 575 1169 630 tectu
1187 569 1319 644 Gregorii
1325 589 1375 647 pro

190 702 192 712 .
267 655 437 715 sacellarium
458 653 514 730 legi
527 655 616 712 delus
632 655 829 728 saccellarium,
850 659 928 732 quasi
946 673 964 713 a
984 655 1104 714 saccellis
1122 660 1253 732 sumptum
1272 673 1375 727 mmen,

267 740 339 818 qaod
350 743 417 797 satis
431 742 486 818 ipse
496 739 642 815 Gregorius
655 739 744 812 docet,
758 739 820 796 dura
834 740 944 798 ostendit
955 739 1124 798 sacellarium
1128 739 1217 818 fuisse
1229 739 1376 798 thesaura-

268 827 338 882 riura
351 825 622 902 pecuor'aepublicae,
639 827 715 882 cuius
728 827 767 880 rei
785 827 879 898 gratia
897 827 1011 903 mortuil
1024 828 1079 904 spei
1094 826 1207 884 creditos
1221 844 1275 884 esse
1289 843 1377 902 pecu-

268 913 375 970 niarum
393 909 527 982 sacculos,
548 909 577 966 ol
591 909 669 986 idque
684 909 852 967 sacellarium
872 909 972 968 dictum
995 929 1056 970 csse.
1099 911 1160 968 lruic
1180 927 1253 968 meae
1271 916 1378 968 centar-

270 998 325 1052 tr'ae
335 992 505 1070 suffragatur
516 995 582 1053 idern
595 995 740 1069 Gregorius
749 996 779 1052 iu
793 995 903 1072 epistola
919 995 956 1052 ad
975 993 1141 1053 Honoratum
1156 995 1315 1068 diaconum,
1332 996 1379 1052 uli

271 1099 354 1154 agens
365 1079 396 1136 de
406 1080 532 1138 cautione
542 1085 680 1137 consuetae
690 1081 819 1157 pecuniae
830 1099 881 1158 pra
898 1079 1031 1155 dignitate
1048 1081 1184 1138 carcsulari
1202 1079 1379 1156 adipiscenda

271 1168 314 1222 ait
323 1161 427 1238 “magis
437 1184 470 1222 ex
482 1185 508 1222 se
519 1169 587 1239 agat
598 1164 703 1222 dilectio
717 1169 778 1230 tua,
792 1171 918 1242 quatenus
929 1165 1025 1223 ollabs
1034 1168 1064 1224 io
1083 1165 1197 1224 saccello
1211 1163 1380 1223 consuetudi-

271 1249 348 1308 nibus
372 1248 479 1307 bonores
493 1254 624 1308 maeatae
644 1241 785 1326 accepere?
820 1251 866 1308 uli
876 1269 925 1328 per
949 1250 1062 1308 saccello
1086 1256 1185 1309 cuturn
1203 1255 1242 1308 est
1259 1248 1382 1324 intelligi

197 1368 205 1382 -
270 1335 401 1414 principis
417 1337 601 1412 pecuniariam
615 1351 739 1412 capsam,
756 1340 782 1391 et
791 1335 901 1413 proinde
909 1353 957 1412 per
977 1335 1159 1394 saccellarium
1172 1335 1380 1394 thesaurarium.

165 1433 188 1486 Ρ
208 1429 258 1486 159
273 1423 302 1477 in
315 1437 392 1496 quam
403 1422 556 1478 sententium
570 1424 595 1476 et
608 1417 729 1476 Isidorus
740 1411 853 1497 “fiscus''
867 1422 953 1498 inquit
971 1418 1026 1478 “est
1037 1441 1130 1478 saccus
1142 1411 1293 1496 publicus.'’
1330 1415 1380 1475 sed

272 1503 312 1562 nil
330 1519 401 1580 opus
422 1503 479 1562 nlla
499 1503 668 1575 mutatione;
691 1509 801 1562 namet
823 1504 980 1563 sacellarius
992 1506 1038 1562 est
1052 1505 1224 1563 saccellarius
1235 1526 1254 1562 a
1273 1503 1381 1574 sacello,

241 1615 246 1627 ·
272 1588 391 1665 simplici
409 1608 439 1665 c,
456 1587 501 1646 vel
519 1589 662 1658 asacella‚
682 1607 765 1664 quam
780 1589 862 1647 nobis
880 1588 964 1668 paulo
980 1596 1046 1650 ante
1063 1591 1205 1666 Gorippus
1221 1589 1381 1666 descripsit,

275 1674 340 1752 quia
360 1671 456 1730 Latini
475 1673 597 1732 Graecos
618 1673 718 1731 imitati
742 1673 892 1750 aliquando
914 1674 1033 1734 alterum
1054 1696 1068 1734 c
1088 1685 1264 1752 expungunt.
1307 1675 1382 1730 idem

273 1777 342 1836 ergo
357 1763 402 1816 est
415 1755 586 1820 saccellarius
602 1763 632 1817 et
655 1758 818 1819 sacellarius.
862 1767 1035 1837 quapropter
1051 1759 1171 1838 probare
1190 1779 1249 1818 non
1265 1777 1382 1838 possum

273 1845 399 1903 eiusdem
416 1844 511 1922 magni
532 1844 584 1904 viri
605 1845 767 1922 discrimen,
793 1846 989 1923 qnodstatuit
1010 1846 1084 1903 hunc
1102 1845 1132 1902 in
1151 1847 1282 1904 modurn:
1305 1845 1382 1922 apud

272 1927 408 2006 Latinos,
436 1930 461 1988 si
488 1924 659 1990 saccellarius
681 1930 810 1988 scribitur
830 1949 848 1988 a
870 1929 1010 2008 saccelliS,
1039 1932 1227 1990 thesaurarius
1249 1930 1382 1988 ecclesiae

272 2014 453 2092 intelligitur;
474 2015 499 2073 si
514 2034 581 2074 vero
596 2033 648 2092 per
674 2015 791 2094 simplex
809 2035 838 2091 c,
861 2017 1017 2076 sacellarius
1038 2015 1190 2092 asscella,
1215 2017 1265 2093 qui
1279 2016 1383 2074 scilicet

273 2099 371 2158 sacello
391 2097 561 2180 (cappellae)
585 2106 714 2177 praeest,
735 2097 914 2177 significatur.
956 2119 1037 2159 secus
1053 2121 1084 2158 se
1103 2120 1149 2160 res
1167 2101 1271 2177 habet,
1293 2107 1328 2159 ut
1350 2117 1383 2157 ex

274 2185 356 2242 dictis
371 2185 485 2262 planum
497 2186 670 2262 relinquitur.
692 2185 756 2243 vide
769 2186 853 2244 etiam
870 2186 1013 2245 Cuiacium
1028 2187 1176 2245 Observat.
1197 2190 1236 2248 10
1257 2190 1319 2263 27,
1337 2184 1384 2242 ubl

275 2271 313 2327 de
327 2271 475 2328 saecularis
490 2270 628 2329 asecculo
639 2276 669 2328 et
683 2271 839 2332 saccellario
856 2271 989 2333 asacello
1012 2272 1102 2332 multa
1121 2271 1233 2353 scribit,
1252 2271 1309 2329 etsi
1330 2271 1383 2328 alio

272 2353 433 2435 significatu
444 2357 546 2454 ¹horum
559 2357 712 2420 nominum.

714 2585 927 2602 ψ

610 2814 1061 2918 caenum.

368 3063 397 3124 Ρ,
408 3039 429 3106 4
439 3062 465 3102 v·
477 3049 505 3109 3.
528 2996 797 3126 chartophylacem
809 3045 882 3108 male
895 3055 998 3110 vocant
1009 3043 1194 3109 Lennclavins
1206 3049 1235 3104 et
1248 3040 1294 3104 alii
1309 3045 1386 3104 clar-

282 3127 428 3188 tularium:
450 3147 515 3190 nam
530 3133 713 3192 chartularius
728 3135 841 3193 alterius
856 3136 939 3194 officii
950 3142 980 3194 et
989 3135 1126 3194 inferioris
1141 3151 1244 3192 nomen
1255 3137 1311 3208 est,
1322 3147 1386 3188 con-

280 3215 443 3289 tineturque
453 3216 483 3273 in
493 3235 569 3278 nona
579 3221 702 3296 pentade
714 3221 869 3278 officiorum
878 3220 1140 3280 ecclesiastieorum:
1157 3215 1387 3294 atelartoplylcs

279 3301 435 3378 principem
445 3301 634 3381 locumtener,
648 3306 754 3384 quippe
765 3311 881 3381 quartus
898 3307 970 3364 inter
988 3304 1204 3365 excestacoelos.
1224 3301 1322 3358 lunius
1331 3297 1386 3357 La-

281 3386 341 3442 tine
349 3387 516 3465 praefectum
528 3391 630 3449 chartis
643 3392 779 3470 nominat,
792 3392 886 3450 nescio
903 3410 989 3466 quam
1003 3392 1111 3450 idonee.
1140 3408 1194 3466 ego
1211 3387 1330 3444 libenter
1339 3403 1387 3441 ro-

206 3493 209 3498 ’
280 3488 342 3530 cern
363 3469 471 3530 retineo
498 3473 641 3534 Graecam.
684 3477 760 3534 unde
783 3482 967 3552 componatur
987 3481 1018 3534 et
1039 3477 1195 3550 derivetur,
1215 3471 1305 3548 liquet
1325 3469 1387 3526 abs-

281 3574 339 3631 que
358 3574 422 3614 meo
435 3557 589 3619 admonitu.
632 3559 696 3639 plus
709 3566 804 3618 tamen
819 3562 959 3637 significat
975 3579 1060 3638 quam
1073 3562 1136 3638 ipsa
1147 3556 1283 3617 voeabula
1296 3555 1387 3612 fronte

280 3642 373 3720 prima
396 3660 465 3720 prae
489 3663 521 3702 se
540 3647 641 3704 ferant.
685 3647 815 3723 quocirca
834 3645 985 3706 Balsamon
1006 3647 1036 3704 in
1056 3665 1108 3710 sua
1128 3642 1332 3721 disceptatione
1353 3638 1387 3695 de

171 3760 174 3772 ·
282 3726 499 3806 chartophylace
522 3733 629 3788 refutat
647 3729 710 3800 illos
737 3731 788 3807 qui
801 3731 901 3791 volunt
922 3731 1166 3810 chartophylacem
1180 3725 1360 3807 παρωνυμίζ
1371 3753 1387 3765 ·

180 3841 182 3846 ·
284 3819 361 3874 σθαι
381 3813 414 3874 ἐκ
429 3818 485 3875 τοῦ
502 3812 662 3889 φυλάττειν
686 3811 859 3896 μεμβράνας
875 3817 926 3878 καὶ
941 3819 1082 3893 smilace,
1105 3815 1233 3892 quamvis
1249 3812 1273 3870 si
1288 3825 1387 3868 nomen

283 3898 409 3977 praecise
425 3896 601 3959 considerare
618 3900 749 3979 velimus,
778 3901 848 3960 haec
872 3904 982 3962 notatio
1002 3922 1019 3960 a
1042 3903 1160 3971 veritate
1182 3919 1241 3957 non
1260 3897 1386 3954 recedat:

284 3985 338 4044 sed
360 3982 391 4040 in
417 3984 595 4063 impositione
617 3987 761 4045 nominum
781 3993 899 4046 monent
917 3989 1063 4065 sapientes
1081 4005 1138 4045 non
1162 3991 1220 4042 tam
1241 3981 1388 4039 videndum

287 4086 352 4127 esse
367 4089 386 4126 a
403 4087 453 4146 quo
466 4087 552 4144 quam
565 4071 601 4130 od
616 4072 679 4150 quid
698 4089 801 4130 nomen
823 4073 991 4150 imponatur.
1035 4091 1069 4130 ea
1085 4074 1121 4130 de
1135 4088 1219 4130 causa
1231 4068 1326 4126 licere
1342 4083 1388 4122 eu·

288 4153 385 4212 stadia
401 4154 510 4214 chartae
523 4174 627 4215 nomen
641 4151 770 4234 tiaxerit,
786 4157 870 4234 longe
886 4164 981 4217 tamen
1001 4157 1084 4238 plura
1102 4159 1139 4215 ad
1162 4156 1221 4213 eius
1246 4169 1338 4212 curam
1360 4151 1388 4204 et

290 4236 561 4302 administrationem
579 4242 773 4320 pertinebant:
803 4243 865 4322 ipse
884 4245 958 4304 enim
982 4262 1036 4302 sua
1056 4244 1085 4300 in
1107 4244 1251 4320 potestate
1271 4234 1388 4295 habebat

291 4321 518 4402 halqocaarcaol
536 4331 653 4412 χαρτῴα
672 4321 876 4408 dsaarolaaru,
896 4329 990 4389 literas
1012 4330 1157 4407 inquibus
1176 4330 1241 4386 iura
1262 4329 1289 4382 et
1308 4321 1388 4402 priui-
