3034 4916
471 388 517 457 ιιι
539 387 687 456 coouu
707 389 901 460 cinvm.
1078 349 1083 372 ¹
1164 395 1238 466 sor

140 551 291 612 lumniator
303 551 489 614 casaubonus
502 552 589 615 insilit
608 550 728 614 Exercit
752 557 790 618 13
812 553 842 615 in
862 552 1067 636 celeberrimum
1086 554 1236 622 Annalium

140 640 322 717 scriptorem,
339 639 492 715 incinitquc
504 640 590 698 etiam
603 644 670 697 ante
683 639 788 698 Christi
806 641 958 700 adventum
979 640 1044 699 alibi
1065 643 1151 704 fnisse
1171 649 1236 708 fon-

141 730 186 783 tes
199 724 327 799 vinosos,
352 728 495 799 testesque
509 722 608 783 laudat
620 722 776 783 Vitruvium
790 724 908 784 Plinium
926 731 955 784 et
973 724 1083 803 eclogas
1103 729 1237 794 Sotionis.

141 809 179 868 ad
199 807 268 884 quid
285 808 355 866 haee
369 808 422 866 uisi
440 809 478 866 ad
497 810 647 868 texendum
666 809 852 872 calumniam?
890 809 1028 869 Batonius
1043 831 1102 871 non
1118 816 1187 876 dicit
1202 838 1236 877 se

139 911 199 952 non
212 893 369 966 meminisse
384 895 461 969 quod
473 893 573 970 legerit
596 893 682 951 ullum
700 900 843 954 auctorem
863 895 912 969 qui
935 895 1055 954 sontium
1076 898 1237 966 vinosorurn

138 983 209 1038 ante
229 977 560 1044 Christummeminerit:
589 979 642 1036 sed
663 980 704 1038 ait
723 998 755 1038 sc
781 997 839 1040 non
864 979 1021 1038 meminisse
1044 983 1121 1058 quod
1148 985 1236 1047 ullum

140 1062 248 1122 Christi
261 1063 437 1122 nativitatem
448 1069 643 1142 antegressum
656 1062 771 1142 legerit,
792 1064 840 1139 qui
860 1063 932 1122 duos
949 1083 1037 1143 snpra
1055 1085 1090 1126 ex
1108 1067 1235 1147 Epipha-

139 1148 187 1224 nio
209 1149 346 1206 adductos
370 1148 463 1206 fontes
485 1155 515 1207 et
534 1148 631 1210 Nilum
652 1150 766 1209 fluvium
790 1149 820 1208 in
844 1148 939 1207 viuum
961 1150 1113 1225 aliquando
1137 1173 1234 1214 versos

140 1251 203 1290 esse
220 1232 264 1290 vel
280 1233 352 1292 v'erti
374 1234 525 1313 scripserit
566 1239 596 1292 et
611 1234 665 1292 hoc
680 1231 765 1314 longe
779 1234 860 1292 aliter
876 1234 962 1292 tinnit
980 1252 1065 1310 quam
1080 1239 1157 1313 quod
1177 1239 1236 1300 Bs-

139 1317 221 1376 ronio
238 1319 376 1396 impostor
394 1318 585 1377 fraudulenter
604 1319 731 1397 imponit
772 1319 824 1377 sed
845 1317 951 1377 absisto
974 1319 1056 1398 hinc,
1085 1341 1122 1380 ne
1141 1330 1248 1385 actum¹

140 1419 239 1479 agenn
261 1403 317 1461 iam
332 1403 407 1462 enim
422 1404 574 1464 Bacchium
587 1405 623 1462 ab
637 1405 690 1463 hac
702 1409 732 1463 et
743 1404 837 1464 multis
851 1403 911 1462 aliis
924 1403 1159 1465 criminationibus
1177 1409 1235 1468 Ca-

138 1487 318 1546 saubonianis
349 1488 491 1568 praeclare
518 1489 668 1550 vindicavit
695 1496 792 1549 noster
814 1489 980 1548 Heribertus
1013 1487 1178 1552 Rosvveidus
1206 1495 1237 1556 in

139 1569 220 1651 Lege
239 1572 350 1634 talionis
372 1576 413 1638 12
426 1573 584 1634 tabularum
596 1575 669 1634 etin
680 1573 856 1653 Anticapello
869 1593 930 1634 suo.

222 1694 350 1756 Fuerunt
364 1702 394 1755 et
411 1696 494 1772 alibi,
520 1697 572 1754 sed
593 1702 675 1755 extra
694 1698 859 1776 epiphaniae
873 1698 997 1775 festum,
1029 1717 1124 1759 amnes
1144 1703 1235 1764 vinosi

139 1784 172 1840 et
191 1781 285 1840 fontes
304 1781 394 1840 lactei.
435 1781 579 1856 sylvester
602 1780 735 1839 Giraldus
755 1783 785 1840 in
805 1781 951 1841 Itinerario
972 1783 1121 1844 Cambriae
1147 1792 1168 1850 2
1198 1793 1235 1850 1:

138 1865 189 1924 hoc
207 1867 274 1924 nubi
288 1865 403 1924 notabile
422 1865 526 1924 videtur
541 1865 611 1944 quod
627 1869 724 1926 aestus
737 1866 827 1925 ‹liebm
848 1873 904 1942 tum
924 1868 1038 1940 fluvium
1056 1869 1127 1929 bunc
1150 1869 1237 1950 (Alu-

137 1947 220 2028 num)
241 1953 304 2009 omo
328 1967 438 2008 monere
459 1968 537 2028 pem
549 1950 666 2030 sontem,
689 1941 763 2030 quem
779 1949 862 2012 Pislil
877 1949 971 2027 Daoi,
995 1953 1121 2032 fistulam
1141 1954 1236 2017 Dauid

138 2041 256 2112 vocant,
277 2035 321 2094 loc
336 2034 440 2095 stillare
456 2040 611 2116 compertum
627 2041 676 2094 est.

222 2157 369 2219 Addamus
392 2166 421 2219 et
440 2159 509 2239 hoc,
540 2179 643 2236 aquam
666 2159 813 2238 Iordanis,
839 2165 992 2241 postquam
1015 2177 1078 2220 eam
1104 2161 1237 2224 Christus
1295 2220 1298 2226 .
1394 2219 1396 2226 ,

138 2250 270 2305 contactu
290 2251 320 2305 et
342 2245 483 2324 baptismo
503 2264 555 2304 suo
574 2247 760 2323 consecravit,
789 2246 1003 2325 incorruptionis
1015 2265 1129 2304 munere
1144 2250 1240 2308 dona-'

138 2336 198 2390 tam
221 2349 290 2388 esse.
330 2330 467 2388 illustriss.
490 2331 619 2410 princeps
638 2329 770 2389 Nicolaus
784 2329 1005 2408 Christophorus
1026 2329 1188 2390 Radzivilns
1202 2333 1234 2392 in
1414 2346 1417 2350 ·
1440 2358 1457 2389 e

136 2435 192 2474 suo
212 2415 410 2495 Hodoeporico
431 2414 700 2492 Hierosolymitano:
730 2432 829 2499 apuam
853 2415 931 2473 ualde
954 2415 1087 2474 turbidum
1106 2415 1234 2477 Iordanis
1436 2412 1438 2422 ’

138 2500 233 2576 hebet,
263 2501 310 2559 sed
332 2500 476 2574 salubrem,
506 2519 574 2579 quae
596 2502 625 2558 in
646 2516 711 2558 vose
735 2504 875 2558 aemulo
898 2517 1032 2575 uunquam
1047 2505 1229 2578 consimiles,

134 2592 216 2666 prout
235 2587 265 2644 io
291 2605 323 2644 ea
341 2603 419 2663 pam
442 2585 527 2646 attoli
546 2602 644 2646 mecum
661 2583 841 2646 indubitanter
857 2601 914 2644 mm
933 2588 1060 2662 expertus.
1101 2583 1169 2646 hacc
1187 2585 1231 2646 iu-

136 2669 230 2748 clytus
249 2668 295 2728 ille
310 2671 448 2751 princeps.

223 2794 297 2855 Illud
310 2796 431 2874 denique
446 2796 563 2874 dignum
576 2811 675 2854 censeo
690 2795 767 2870 quod
781 2792 960 2873 observetur,
981 2791 1146 2856 Donatistae
1164 2794 1231 2854 olim

138 2881 170 2940 in
186 2877 282 2942 Africa
298 2884 465 2963 epiphaniae
482 2884 586 2940 festum
605 2899 663 2939 non
682 2879 853 2959 celebrasse,
870 2887 904 2940 ut
917 2887 1038 2940 testatur
1052 2883 1082 2942 S.
1095 2880 1233 2958 Augusti-

138 2985 194 3024 nus
215 2967 304 3027 Serm.
326 2973 367 3032 82
387 2970 423 3026 de
444 2967 586 3046 Tempore
605 2965 649 3025 his
669 2965 778 3024 verbis:
806 2969 897 3025 merito
916 2971 997 3026 istum
1018 2967 1087 3027 diem
1100 2986 1234 3045 acapnum
1255 2961 1270 2992 ³

137 3053 271 3111 nobbcura
295 3053 421 3113 boudin·
443 3053 603 3112 Donatistae
621 3051 749 3113 celebrare
767 3050 922 3126 adaunot,
955 3053 1020 3128 poio
1040 3071 1087 3110 aec
1103 3057 1234 3111 unitatem

139 3142 250 3212 omont,
271 3157 319 3196 nec
336 3137 471 3198 Orientali
486 3137 625 3210 ecclesiae,
644 3135 693 3195 ubi
705 3138 832 3214 opposuit
849 3135 901 3195 illu
917 3136 1011 3208 stella,
1028 3139 1233 3194 communicant:
1250 3142 1272 3198 P
1287 3141 1339 3199 230

138 3239 187 3279 nos
211 3228 298 3280 nutem
321 3223 561 3301 manifestationem·
585 3221 685 3280 domiai
707 3224 734 3278 et
759 3221 905 3280 salvatoris
926 3223 1011 3278 nostri
1034 3218 1097 3280 Iesu
1124 3221 1235 3294 Christi,

139 3309 207 3386 poia
218 3311 356 3386 primitius
374 3312 492 3384 gentium
508 3307 656 3381 delibavit,
678 3307 707 3364 ia
724 3308 829 3366 utulate
844 3307 964 3382 gentium
980 3303 1147 3366 celebremus.

192 3453 236 3522 'p
249 3435 317 3490 osv.
330 3439 355 3493 1.
373 3432 389 3490 b
407 3431 439 3490 dl
454 3429 523 3505 μετὰ
539 3432 592 3506 τὴν
608 3433 779 3520 tassoopplso
797 3427 943 3516 ἅγιασμός]
956 3449 1059 3518 ‘susam
1076 3433 1170 3488 iterato
1187 3434 1236 3518 be-

139 3503 237 3557 nedrcrt
252 3506 358 3557 ecclesa
377 3507 480 3559 Graeca
498 3505 524 3556 ln
548 3506 738 3574 Theophanis,
763 3503 841 3556 semel
863 3502 991 3623 pervigilo
1011 3519 1135 3573 vespere,
1158 3515 1186 3555 et
1208 3520 1236 3554 nr

139 3573 217 3626 missa
235 3573 355 3632 secundo.
373 3574 509 3628 secundam
527 3573 739 3626 consecrationem
762 3570 845 3639 tangit
882 3586 929 3622 aec
946 3571 1033 3623 dictio.
1061 3587 1144 3639 aquae
1159 3569 1235 3622 istius

138 3639 331 3695 benedicendas
347 3643 422 3695 ritum
438 3643 543 3695 exhibet
559 3641 743 3709 Euchologinm
760 3641 808 3693 sub
826 3640 873 3691 hoc
893 3639 982 3692 titulos
1008 3633 1167 3692 ἀκολουθία
1183 3636 1236 3689 τοῦ

138 3704 261 3779 μεγάλου
278 3703 414 3778 ἆγιασμοῦ
428 3714 483 3765 τῶν
502 3707 589 3779 ἁγίων
607 3708 792 3776 θεοφανείων.
816 3707 897 3761 otticii
919 3708 1065 3777 rituumque
1081 3708 1235 3772 interprete-

140 3779 489 3900 tionemopnmantulnscunque
504 3781 577 3834 labor
598 3785 688 3832 noster
709 3776 815 3832 ediscite
839 3776 1015 3830 ecclesiasticis
1035 3774 1071 3828 ibi
1091 3773 1235 3840 elucidatis,

141 3861 198 3901 enm
215 3847 238 3902 (l
299 3863 314 3899 o
331 3847 459 3900 succincte
474 3847 613 3904 disserente
631 3846 714 3902 aulica
729 3861 805 3919 quem
820 3845 935 3899 breviter
949 3842 1135 3916 prosequimur.

159 3943 163 3950 Δ
210 3959 245 4014 ib.
260 3975 287 4012 v.
306 3959 332 4012 6.
350 3953 468 4028 λαμπάς]
485 3959 517 4011 de
533 3957 667 4012 luminibus
682 3974 756 4011 sacro
772 3957 828 4010 τῶν
843 3951 944 4022 φώτων
960 3953 1002 4006 dia
1019 3951 1046 4006 in
1062 3951 1171 4036 spelaeis
1186 3964 1234 4004 ac-

108 4059 112 4068 ,
142 4027 226 4082 musis
237 4027 368 4113 pnperflue
379 4033 475 4081 tractat
483 4028 525 4111 hic
537 4027 693 4082 scholiastes.
705 4025 814 4110 adverto
823 4023 980 4108 nihilominus
990 4019 1134 4141 loepaodohs
1143 4035 1235 4142 nemppe

141 4095 665 4220 tilethinsultabunt}
681 4093 1233 4235 lgtl‘tlgulllu”tutulatos

140 4251 215 4288 usum
233 4234 350 4297 veniunt,
360 4233 449 4304 ιιηροί
462 4241 490 4288 et
506 4232 592 4303 apples
605 4239 791 4304 nuncupentur.
808 4246 886 4302 porro
899 4223 1166 4311 lugnolelhodierum
1183 4241 1232 4279 ceu

139 4303 254 4366 festiva,
271 4309 344 4358 tanta
359 4305 426 4358 mole
441 4303 568 4358 conflatur
583 4302 626 4357 vel
641 4303 769 4356 coloribus
804 4299 899 4368 ingiter
921 4314 954 4351 ac
972 4304 1036 4350 srtn
1058 4301 1131 4351 taum
1146 4296 1233 4349 varis·
1319 4335 1333 4350 ,,

140 4377 199 4428 tete
215 4371 352 4429 adornetur
368 4380 398 4430 nt
411 4374 478 4430 inter
493 4372 605 4444 reliquos
620 4387 709 4430 cereos
724 4367 877 4440 essessa-
887 4359 1159 4428 vsrissins'rldestur.
1174 4364 1234 4420 hinc
1323 4359 1333 4380 '¹
1343 4376 1380 4458 ...ᾗ
