3034 4916
284 315 359 388 am
436 312 647 382 cnunsnru
666 312 722 380 nn
740 310 872 380 cosm
890 309 1224 382 communmms
1246 283 1261 294 ”

283 474 367 532 stituit
382 473 503 542 idoneos,
520 472 588 528 unde
603 472 768 544 inperatorio
785 471 902 527 convivio
919 487 968 542 pro
985 489 1015 527 se
1031 478 1059 526 et
1074 471 1106 526 iis
1123 472 1168 542 qui
1184 477 1240 528 toto
1258 469 1318 528 anni
1338 473 1381 528 ne-

282 561 360 598 cursu
375 543 559 609 invitarentur,
574 542 730 625 sufficientps
747 547 774 594 ct
789 541 858 626 ipstc
874 541 943 626 parti
962 546 1078 626 sumptus
1098 542 1302 612 suppeditarent.
1323 561 1382 626 pro:

283 614 326 666 cul
341 613 428 682 itaque
445 617 534 666 ersis
556 610 729 665 custodiendis
753 609 850 663 bellicus
874 615 1064 680 rustrurucutss‚
1087 617 1117 664 ut
1140 610 1274 679 llylsnder
1296 615 1382 666 stulu

283 686 344 736 sunt
358 682 469 752 opinati3
487 698 535 734 nec
552 676 697 746 κονροὶτως
720 679 778 735 τοῖν
801 675 967 749 pupeieno,
988 696 1063 749 quem
1087 697 1144 736 cum
1161 680 1231 746 ,eliis
1244 681 1272 732 in
1294 681 1383 734 isaacii

176 785 182 798 ·
284 749 415 804 comneno
433 749 548 805 Zonaras
565 756 592 804 et
609 748 779 820 europalates
795 756 930 814 memorat,
956 747 1020 801 elius
1044 753 1102 802 erat
1128 765 1202 818 quern
1225 747 1270 822 qui
1296 749 1382 804 domus

282 819 388 872 huiusce
405 824 432 872 et
449 819 575 902 replituurn
592 817 646 871 eius
664 833 750 871 curam
767 817 881 901 luberet.
900 816 988 871 turrim
1004 815 1061 871 sinc
1069 819 1296 941 propugnaculum
1313 819 1382 888 ponit

281 895 354 942 extra
374 889 463 941 urbem
479 905 506 940 rn
523 887 709 956 lllsnganorum
724 885 829 956 planitie
852 887 1047 939 Csntsoussnus
1111 887 1163 952 72,
1187 903 1295 956 eumque
1319 889 1381 942 sslco

281 956 403 1012 munitum
419 974 442 1011 c.
460 959 495 1012 80
512 963 539 1008 et
555 958 589 1010 87
606 955 718 1010 affirmat
734 961 764 1007 ut
781 955 870 1009 urbem
887 954 932 1009 ΟΡ
953 954 995 1007 vel
1012 954 1082 1008 tueri
1098 954 1141 1008 vel
1159 971 1308 1026 oppugnare
1324 973 1381 1027 pns-

282 1033 330 1080 τοι.
349 1025 525 1080 monasterium
540 1024 593 1076 illic
609 1024 661 1083 loni
678 1025 821 1078 construxit
838 1023 1021 1077 Mouomsclrus
1032 1023 1225 1090 Constantinus,
1240 1025 1382 1094 legiturque

282 1094 352 1217 nr
369 1087 1382 1233 λλκκμκκλσκκλκνκεκκλικκαλ

284 1180 381 1301 pisile
396 1231 489 1300 ταφῆς
505 1181 648 1302 ἔταγσᾳτῆς
663 1182 808 1300 τογούσῗς.
945 1180 959 1226 e
1265 1179 1279 1225 Β
1355 1181 1370 1232 y

260 1340 262 1355 ¹
369 1323 452 1419 pxiii
467 1340 494 1420 g.
512 1325 540 1386 6.
562 1323 665 1384 festum
680 1318 899 1379 Constantiniet
915 1317 1015 1380 Helene
1025 1319 1112 1400 impp.
1127 1317 1271 1380 celebrant
1285 1318 1382 1380 Graeci
1485 1365 1486 1368 ,

285 1406 327 1468 Μ
350 1405 643 1559 ἕλξωΜὲζοιλισλίσοσι
666 1518 717 1556 σοι
737 1505 851 1556 sanctum
869 1499 944 1556 morlo
962 1499 1009 1558 sed
1032 1505 1059 1554 et
1081 1494 1266 1558 ἰσαπόστσλον
1289 1501 1383 1555 Gracci

286 1569 435 1640 praedicent
453 1573 486 1625 ob
504 1582 672 1642 propagatam
697 1581 724 1624 et
748 1571 879 1624 defensam
902 1569 957 1624 cius
980 1569 1065 1624 studio
1088 1569 1171 1624 fidem.
1195 1570 1318 1641 templum
1335 1571 1382 1624 SS.

286 1639 416 1708 Apostolis
431 1639 458 1695 in
474 1647 583 1712 utraque
601 1643 682 1696 Roma
700 1640 851 1694 aedificasse
867 1646 973 1693 cunctae
997 1639 1135 1708 loquuntur
1151 1637 1291 1705 historiae,
1317 1647 1344 1692 et
1358 1640 1383 1694 in

286 1708 422 1764 eorundem
444 1709 528 1766 linire
556 1725 656 1782 capsam
679 1709 888 1780 porphyreticum
911 1709 1052 1764 Romanam
1073 1708 1155 1765 eidem
1176 1709 1203 1762 in
1226 1708 1382 1780 sepulchrum

286 1791 452 1909 connexam&
475 1853 503 1915 8.
524 1850 644 1912 natalem
664 1850 732 1910 dr'cm
749 1849 783 1911 S.
799 1848 909 1910 loannis
918 1850 1049 1928 baptistae
1058 1850 1164 1909 obeunt
1178 1850 1279 1912 Graeci
1292 1850 1382 1910 uobis-

286 1951 349 1994 cum
363 1932 405 1998 24
418 1936 465 1995 die
477 1936 557 1996 Iunii.
598 1936 760 1997 monasterii
781 1936 825 1995 cui
845 1933 931 1996 Petro
947 1954 1066 2015 nomen,
1087 1935 1212 1996 meminit
1232 1937 1382 1997 Centncuz.

284 2021 308 2106 s
322 2017 373 2084 as.

354 2101 390 2152 ib.
406 2115 433 2154 v.
445 2099 471 2152 9.
496 2099 576 2156 Petra
600 2117 691 2158 nomen
714 2100 876 2157 monasterio.
899 2093 972 2170 μονὴ
994 2093 1255 2170 προσαγορευομένη
1280 2095 1381 2168 Πέτρα,

285 2165 376 2219 scribit
397 2167 591 2222 Cautacuzcnus
615 2172 633 2225 3
656 2173 700 2228 35.
725 2171 803 2224 aedes
827 2169 871 2224 illa
894 2184 967 2224 sacra
983 2169 1073 2224 Basilii
1087 2169 1236 2224 Macedouis
1252 2185 1268 2222 o
1287 2186 1317 2223 us
1338 2177 1381 2233 cst,

285 2235 324 2316 de
336 2251 385 2303 quo
404 2236 551 2290 cedrenus:
573 2235 703 2302 καὶτοὺς
722 2235 774 2293 δύο
792 2239 844 2292 τοῦ
852 2238 1014 2361 gontranni
1029 2233 1132 2307 σηκούς
1148 2235 1178 2292 ἔν
1195 2255 1225 2290 τε
1241 2187 1286 2308 τέ
1296 2229 1382 2306 Στρο-

286 2302 363 2373 linito
381 2302 430 2358 sul
446 2307 691 2375 Μακεδονιαναῖς,
707 2310 761 2362 τοῦ
775 2303 827 2376 μὲν
873 2305 1050 2375 νακοδόμησε
1076 2301 1107 2361 cri
1132 2309 1278 2374 niciosus,
1300 2302 1333 2361 τὸ
1352 2300 1383 2358 (ll
1488 2333 1489 2344 ι

287 2366 319 2430 ἐκ
336 2371 455 2443 βάθρων
473 2369 626 2443 ἀνήγειρεν.
657 2379 760 2431 Petrum
778 2394 842 2431 vero
865 2359 901 2430 ssi
922 2375 1117 2440 monasterium,
1141 2377 1181 2429 coi
1198 2392 1290 2428 nomeu
1306 2376 1384 2457 impo-

285 2443 340 2507 nit,
358 2442 431 2496 sitam
448 2441 603 2516 στροβήλοο
620 2446 730 2515 ligurum
747 2449 846 2502 reterre
861 2445 950 2502 vident
966 2444 1011 2515 qui
1036 2445 1112 2500 etiam
1136 2445 1212 2498 hodic
1235 2445 1282 2500 GP
1305 2446 1383 2498 ccubs

284 2509 496 2568 circumlustrant.

181 2594 201 2645 Ρ
219 2591 273 2649 249
369 2584 406 2643 it.
427 2605 453 2644 v.
477 2591 525 2662 12.
556 2587 634 2666 opud
656 2587 779 2650 Graecos
800 2587 961 2667 trigesimus
983 2585 1043 2645 dies
1063 2584 1135 2646 Iunii
1150 2585 1286 2650 ¹omnibus
1305 2584 1383 2646 simul

286 2668 422 2748 apostolis
444 2670 552 2730 dicatus
572 2678 624 2732 est.

355 2767 421 2822 ibid.
455 2768 488 2820 de
512 2769 690 2839 Apostolorum
716 2769 786 2822 festo
816 2768 951 2824 tolumnius
981 2767 1026 2822 cl>
1050 2767 1178 2820 celebrato
1206 2767 1271 2820 haec
1296 2765 1383 2820 'l'bco-
1489 2779 1490 2824 l

285 2833 401 2903 phanes:
429 2837 536 2904 Φῆστος
551 2833 728 2908 συγκλητικὸς
740 2834 850 2909 Ῥώμης
871 2833 1036 2898 ἀποσταλεὶς
1053 2831 1125 2903 πρὸς
1145 2831 1321 2889 ’Λναστοὶσιον
1336 2830 1382 2888 διά

285 2903 468 2986 τιναςχριίας
482 2902 627 2968 πολιτικὰς
640 2901 691 2970 τοὶς
705 2903 814 2976 μνήμας
832 2908 888 2960 τῶν
904 2901 992 2975 ἁγίων
1016 2900 1180 2959 ἀποστόλων
1203 2904 1315 2972 Πέτρον
1337 2901 1382 2956 καλ

287 2969 403 3090 liupoton
427 2974 688 3044 πανηγυρικώτερον
715 2971 903 3032 ἐπιτελεῖσθαι
924 2969 1057 3046 η’τήσατο.
1080 2967 1097 3028 δ’
1121 2972 1169 3028 καλ
1189 2978 1293 3042 κρατεῖ
1307 2968 1383 3044 μέχρι

285 3057 323 3092 m
350 3056 411 3170 Ἴον
427 3131 451 3171 v.
472 3113 519 3176 15.
547 3115 651 3174 festum
665 3116 918 3194 transfigurationis
932 3122 1022 3194 egunt
1033 3115 1133 3175 Graeci
1148 3117 1169 3178 6
1182 3112 1314 3192 Augusti.
1355 3114 1382 3172 in

283 3199 453 3256 monasterio
470 3197 679 3259 Pantomatoris
698 3201 826 3278 sepultus
844 3208 889 3260 est
906 3201 1031 3260 Manuel
1042 3203 1203 3260 Comnenus
1224 3203 1383 3280 imperator,

285 3286 318 3339 ut
327 3283 424 3342 scribit
438 3284 554 3346 Nicetes
569 3287 607 3346 ad
620 3285 723 3346 calcem
736 3286 798 3346 libri
811 3290 832 3351 7
847 3288 980 3348 derebus
993 3286 1190 3348 Emmanuelis.

352 3397 388 3450 il.
405 3413 430 3453 v.
445 3401 485 3454 16.
504 3400 602 3453 lreuem
622 3400 758 3454 Andronici
773 3399 880 3454 senioris
899 3418 1004 3454 uxorem
1020 3401 1048 3453 in
1063 3400 1113 3452 boc
1129 3399 1283 3454 monasterio
1300 3398 1382 3470 sepul·

283 3469 337 3517 tam
353 3472 443 3519 narrat
460 3469 592 3537 Gregorus
609 3473 626 3526 7
645 3472 686 3526 16.
702 3470 868 3539 regnantibus
884 3469 912 3522 iu
935 3471 1043 3524 Oriente
1066 3469 1174 3523 Francis
1199 3464 1235 3523 τὰ
1259 3470 1314 3523 τῶν
1330 3473 1384 3522 Λα-

283 3534 368 3587 τίνων
387 3535 513 3605 βασίλεια
539 3533 627 3606 sicori
643 3535 871 3608 παντοκράτορος
894 3535 1000 3609 ὑπῆρχε
1025 3535 1117 3609 μονή,
1136 3537 1227 3592 scribit
1244 3537 1309 3592 isleur
1326 3537 1344 3591 4
1359 3535 1384 3589 4.

282 3603 381 3671 regiam
399 3605 555 3675 sepulturam
573 3607 680 3670 dederat
716 3608 769 3660 rius
787 3608 901 3661 Munueli
918 3609 1062 3673 comneno,
1087 3617 1117 3660 ut
1134 3613 1224 3661 suctnr
1249 3613 1290 3660 cst
1306 3605 1384 3659 Nice-

284 3678 325 3724 tss
345 3673 370 3730 in
389 3673 443 3726 eius
464 3675 557 3730 vitun
579 3676 674 3729 Basilio
723 3677 836 3730 unedone
860 3677 940 3764 primo
966 3683 1139 3730 constructum
1158 3681 1185 3729 et
1207 3692 1292 3728 annuc
1309 3689 1383 3728 censu

283 3741 363 3795 ronne
379 3742 499 3796 donatum
516 3751 607 3797 auctor
624 3753 664 3798 est
682 3747 829 3799 Cedrenuss
852 3743 980 3814 ανήγειρε
1004 3741 1036 3799 si
1053 3743 1145 3814 ’(ναόν
1168 3745 1321 3810 snutrane)
1337 3740 1384 3795 καὶ

283 3802 316 3862 ἔκ
332 3813 432 3880 καινῆς
448 3808 478 3867 ἐν
494 3817 557 3875 ταῖς
575 3813 721 3885 βασιλείοις
738 3811 837 3876 αὐλαῖς
855 3810 896 3877 εἰς
917 3809 1007 3883 ὄνομα
1032 3815 1084 3868 τοῦ
1101 3810 1240 3869 δεσπότου
1263 3814 1383 3892 σωτῆρος

284 3879 414 3944 Χριστοῦ.
443 3893 470 3934 et
493 3882 573 3936 intre:
600 3879 649 3936 uui
675 3878 777 3947 ἄλλους
799 3880 831 3936 δὲ
853 3877 973 3946 πολλοὺς
994 3883 1093 3946 θείους
1115 3878 1206 3946 sucis
1231 3876 1311 3946 ἐντὸς
1334 3897 1382 3935 τον

283 3949 421 4003 παλατίοα
435 3943 591 4019 ἕδομήσατο
610 3948 651 4013 εἰς
665 3947 756 4020 ὄνομα
769 3954 822 4006 τοῦ
840 3953 963 4022 σωτῆρος
979 3951 1109 4021 Χριστοῦ.

366 4039 402 4096 it.
423 4057 449 4104 t·
474 4041 522 4102 18.
552 4041 598 4099 die
615 4039 651 4102 15
667 4037 789 4119 Augusti
803 4047 893 4124 agunt
905 4040 1001 4102 Latini
1015 4062 1079 4102 cum
1093 4042 1209 4105 Graecis
1224 4041 1382 4120 assumptio-

284 4136 342 4176 nem
360 4121 387 4180 d.
401 4125 527 4197 virginis.
571 4126 688 4203 Graeci,
715 4132 749 4185 ut
762 4133 882 4205 apparet
899 4145 933 4186 ex
945 4128 1071 4188 Menaeis
1087 4134 1117 4188 et
1131 4127 1315 4204 Menologiis‚
1335 4143 1383 4182 vo-

284 4207 351 4260 cant
367 4202 422 4262 hoc
435 4207 538 4267 festum
551 4212 692 4289 κοίμησιν
705 4215 759 4290 τῆς
773 4211 937 4294 ὑπιραγίας
952 4215 1112 4292 δεσποίνης
1125 4212 1215 4293 ἡμῶν
1228 4205 1382 4274 orosium·-

284 4291 314 4344 et
328 4287 382 4348 hoc
396 4289 479 4349 titulo
500 4300 612 4354 exstant
634 4301 746 4375 patrum
766 4298 907 4358 orationes
924 4297 953 4357 in
975 4298 1029 4376 lucc
1046 4300 1166 4375 festum,
1193 4304 1226 4357 ut
1239 4297 1266 4355 b.
1281 4298 1382 4354 Darna·
