2968 4924
400 319 458 384 ns
486 282 748 386 erimusne.
774 319 979 394 cmxrv.
1162 323 1232 394 τι
1330 263 1338 276 ’

120 485 291 587 τράπεζαν,
314 490 463 558 truserat
472 517 505 558 τε
521 497 674 580 κληραιοῖς
689 490 749 559 ἀπὸ
765 497 820 561 τοῦ
830 494 1005 583 βεστιαρίου
1018 491 1099 562 κατά
1114 493 1233 585 δωρεάν

127 596 258 682 χρυσίου
275 596 381 682 λίτρας
395 591 519 662 εἰιατόν·
545 603 599 664 νῦν
614 595 648 661 δὲ
662 597 698 662 οὗ
713 599 823 681 γίνεται
834 603 936 664 τοῦτο.
1121 591 1126 599 “

131 759 135 772 ,
202 787 204 790 .
235 698 328 762 Κατιλ
350 698 406 782 τὴν
418 699 556 782 πέμπτην
571 696 688 786 ἡμέραν
704 707 760 784 τῆς
779 698 953 786 ἑβδομάδος
965 699 1004 786 ἣν
1018 706 1145 766 καλοῦσι
1161 703 1232 768 δια·

131 795 323 882 τισινῇσιμον,
349 800 510 888 άιιέρχεται
534 799 550 867 ὃ
570 801 760 889 πατριάρχης
782 808 825 880 εἰς
847 805 882 870 τὸ
904 802 1052 870 παλάτιον
1071 804 1150 888 μετὰ
1170 810 1231 872 τῶν

103 901 297 990 δάρχιερέων
313 907 366 970 κοιλ
381 911 442 970 τῶν
459 912 515 990 τῆς
527 906 687 990 ίκιιλησίας
702 905 867 993 ἀρχόντων,
894 905 937 974 ίτι
951 931 984 974 τε
999 910 1049 971 καὶ
1064 913 1125 972 τῶν
1142 906 1233 995 άρχι-

126 1008 305 1090 μανδριτιῦυ
323 1011 374 1074 καλ
396 1005 580 1094 ἡγουμένων.
632 1009 777 1076 ἀλλάσσει
796 1017 870 1096 γοῦν
884 1013 935 1076 καὶ
951 1009 1069 1098 έρχεται
1085 1010 1162 1098 πρὸς
1176 1012 1231 1077 τὸν
1314 1092 1316 1098 Α

126 1110 275 1191 βασιλέα,
305 1108 464 1194 ἱστάμενον
488 1108 585 1200 εὑρών
606 1114 649 1190 εἰς
667 1112 722 1179 τὸν
742 1112 857 1200 θρόνον
878 1113 984 1181 atros.
1035 1111 1181 1199 ἄρχοντες
1196 1115 1230 1178 δὲ

128 1219 294 1295 τηνικαῦτα
306 1215 343 1279 οὗ
358 1212 506 1301 πάρεισιν,
529 1214 606 1281 ὥστε
619 1212 693 1282 εἶναι
706 1214 907 1304 παράστασιν.
956 1220 1095 1282 ’ίστανται
1111 1218 1146 1281 di
1158 1217 1227 1282 ἀντ’

126 1314 230 1380 αὐτῶν
245 1319 278 1382 οἵ
290 1341 322 1382 τε
336 1316 501 1404 ἀρχιερεῖς,
526 1315 569 1397 ὡς
583 1317 709 1407 εἴρηται,
733 1322 784 1385 καί
801 1303 831 1385 οἱ
843 1328 898 1405 τῆς
913 1317 1231 1405 ἓκκλησίαςάρχοντες
1244 1335 1268 1388 Ρ
1285 1336 1336 1390 108

85 1431 120 1488 1⁰
127 1419 198 1502 μετ’
216 1417 318 1485 sititor
333 1411 375 1486 ὧν
386 1421 515 1504 εἴπομεν.
546 1428 649 1514 θυμιᾷ
662 1424 763 1490 τοίνυν
777 1417 794 1490 ὅ
809 1419 997 1512 πατριάρχης
1012 1423 1228 1504 τὸνβασιλέα·

126 1519 194 1588 εἶτα
208 1521 261 1588 τὸν
279 1524 336 1605 μέν
355 1525 511 1608 θομιατλν
532 1527 640 1592 δίδωσι
662 1534 705 1615 τῷ
727 1526 946 1617 ἀρχιιὶιαιιόνιρ,
972 1526 1064 1605 αὐτὸς
1079 1527 1114 1592 δέ
1128 1551 1227 1613 προσ·

126 1623 289 1712 ερχίμενος
299 1627 418 1713 εὖλοχιῖ
427 1630 479 1694 καλ
494 1625 661 1708 ἀσπάζεται
674 1629 726 1698 τὸν
742 1632 871 1712 βασιλέα
885 1634 918 1698 ἐν
930 1637 975 1720 τῷ
988 1628 1127 1713 στόματι,
1150 1631 1225 1698 άντ-

125 1726 337 1812 ασπαζίμενος
351 1729 432 1797 οὕτω
447 1733 497 1796 καὶ
511 1730 604 1809 αὐτὸς
616 1734 702 1819 παρὰ
715 1741 771 1800 τοῦ
782 1735 943 1815 βασιλέως.
994 1734 1072 1816 μετά
1087 1735 1121 1798 δι’
1132 1740 1223 1800 τοῦτο

98 1869 101 1876 ⁴
126 1827 216 1914 ὁμέν
230 1830 421 1922 πατριάρχης
431 1835 555 1901 ἵσταται
568 1838 695 1919 πλησίον
707 1835 817 1915 adrui,
841 1837 870 1902 oi
884 1837 918 1901 δ’
934 1836 1081 1924 άρχιερεΐς
1096 1833 1223 1922 ἕρχόμε-
1254 1875 1258 1882 ·
1352 1869 1354 1874 ·

82 1936 266 2006 tornisarni
283 1934 339 2002 do'o
356 1936 541 2018 ἀσπάζονται
554 1941 605 2003 καὶ
623 1929 706 2005 οὗτοι
720 1939 934 2021 τὸνβασιλέα,
964 1947 1084 2026 πρῶτον
1098 1941 1154 2020 μέν
1168 1940 1224 2024 τὴν

118 2047 221 2125 χεῖρα,
248 2035 312 2104 εἶτα
325 2041 382 2124 τὴν
395 2038 532 2128 παρειάν.
582 2042 691 2130 ἐφεξῆς
706 2043 740 2106 δὲ
755 2041 863 2121 πάντες
877 2043 906 2110 oi
920 2042 1065 2131 ῥηθέντες
1079 2040 1224 2130 ἄρχοντες

122 2149 180 2225 τῆς
196 2144 355 2225 ἐκκλησίας
372 2143 609 2233 άρχιμανιλρῖταί
626 2171 659 2211 τε
679 2149 732 2211 καὶ
753 2142 915 2232 ἡγούμενοι
936 2146 971 2212 τὸ
996 2145 1069 2212 αὐτὸ
1091 2153 1224 2213 ποιοῦσι.

122 2245 318 2323 τελεσθέντος
343 2248 377 2312 δὲ
402 2245 513 2314 τούτου
533 2244 549 2312 ὃ
572 2248 628 2330 μέν
654 2247 844 2335 πατριάρχης
865 2249 956 2334 εὐχὴν
975 2249 1104 2316 insinuit
1129 2242 1262 2330 airus

122 2347 285 2437 ἀπέρχεται
293 2396 304 2427 ,
325 2346 340 2415 ὃ
359 2350 392 2415 δέ
405 2350 551 2433 βασιλεὺς
567 2351 732 2436 εἰσέρχεται
749 2355 791 2430 εἲς
805 2353 838 2418 τὸ
853 2355 970 2419 κέλλιον
985 2352 1092 2420 αὐτοῦ.

77 2465 115 2524 20
222 2451 274 2516 Ἕν
293 2458 331 2538 τῇ
349 2459 403 2518 τοῦ
426 2450 514 2539 άγίου
534 2451 704 2534 πνιιίματος
719 2451 809 2541 ἑορτῇ
827 2465 921 2543 φορεῖ
939 2453 1029 2522 πάλιν
1045 2451 1062 2520 ὅ
1076 2453 1223 2537 βασιλεὺς

82 2551 87 2558 ’
120 2550 253 2640 κατάχε
268 2554 320 2620 τὸν
335 2553 492 2643 ἕσπερινόν
515 2559 565 2622 καὶ
587 2555 643 2639 τὴν
664 2560 849 2645 λειτουργίαν
871 2559 931 2623 άπὸ
956 2564 1016 2626 τῶν
1038 2554 1222 2646 φορεμάτιον

119 2657 217 2726 αὐτοῦ
233 2657 273 2724 τά
287 2659 364 2747 πρὸς
375 2657 552 2746 βουλήσεως
555 2708 567 2742 ,
593 2655 739 2738 suadeor
759 2664 811 2726 καὶ
835 2662 864 2728 οἱ
883 2661 1026 2753 ἄρχοντες
1040 2659 1079 2727 τά
1094 2657 1221 2728 ἑαυτῶν.
1287 2687 1289 2691 ⁴

138 2861 143 2870 .
189 2819 289 2888 θεῆς,
314 2812 353 2888 ἣν
377 2815 547 2889 ὀνομάζουσι
571 2818 780 2894 ἃιαιιαιιήσιμον
806 2819 1002 2894 ἑβδομάδοςΒ
1105 2822 1219 2886 osten

193 2893 228 2945 10
242 2883 315 2958 μεθ’
331 2881 373 2944 οὖν
387 2886 477 2946 ἄλλων
495 2892 608 2958 sinopes
624 2894 647 2948 B
758 2893 792 2949 15
805 2891 858 2961 μὲν
880 2893 920 2954 τίς
940 2889 998 2960 τὴν,
1015 2893 1054 2962 Α,
1078 2890 1129 2958 μὲν
1146 2889 1221 2962 πρὸς

189 2956 283 3028 τὴνΒ
388 2962 421 3015 16
433 2957 506 3030 πρὸς
520 2957 573 3028 τήν
588 2956 770 3032 παρειάνΑΒ
873 2959 1096 3032 22βοιίλησινΡ

117 3095 213 3153 otieris
230 3114 279 3152 sea
294 3097 398 3151 serario
414 3102 462 3152 tuo
479 3105 583 3154 centum
600 3098 681 3155 libras
700 3101 758 3154 euri
776 3097 922 3154 liberaliter
943 3099 1013 3154 dono
1030 3099 1115 3154 deret.
1150 3115 1219 3154 nunc

117 3185 176 3222 mos
194 3167 246 3220 iste
263 3168 341 3221 desiit
358 3185 417 3220 esse
433 3167 462 3220 in
479 3187 561 3222 more.

187 3235 269 3290 Feria
285 3237 377 3304 quinte
394 3237 562 3292 hebdomadis
579 3254 655 3309 quem
681 3255 697 3290 s
721 3237 895 3292 renovatione
913 3231 1125 3304 διακαινήοιμον
1140 3237 1216 3292 voci-

116 3309 193 3374 tent,
218 3305 315 3374 recipit
340 3323 369 3358 se
386 3305 536 3376 patriarche
553 3323 610 3360 cum
628 3306 760 3376 episcopis
779 3315 806 3360 et
821 3306 929 3375 reliquis
950 3304 1076 3360 ecclesiae
1093 3307 1218 3378 primori-
1288 3314 1290 3318 '

116 3377 185 3442 bus,
208 3373 317 3444 insuper
334 3384 361 3427 et
379 3392 436 3428 cum
455 3376 665 3429 archimandritis
682 3385 710 3429 et
726 3377 940 3428 monasteriorum
957 3376 1099 3443 praesectis
1116 3377 1150 3429 sd
1167 3394 1216 3446 pa-

115 3443 218 3498 latium.
252 3459 341 3496 sacras
358 3443 441 3511 igitur
456 3445 564 3498 essumit
582 3445 732 3514 patriarcha
748 3451 853 3513 vestes,
873 3451 900 3498 et
916 3445 949 3498 ad
965 3444 1150 3515 imperatorem
1168 3463 1217 3499 ve-

117 3514 167 3580 nit,
185 3519 296 3566 stantem
314 3513 341 3564 iu
359 3513 453 3566 throno
468 3530 526 3568 suo.
562 3531 686 3584 proceres
704 3513 782 3572 unici
800 3519 863 3568 tnnc
880 3531 932 3566 non
950 3513 1045 3570 adsunt
1060 3531 1146 3584 neque
1163 3515 1217 3568 cir-

115 3589 262 3646 cumstent,
285 3582 333 3636 sed
351 3598 439 3634 eorum
455 3581 537 3636 locum
554 3583 678 3654 supplent
695 3582 830 3653 episcopi,
848 3590 877 3636 ut
893 3581 1019 3649 diximus,
1044 3591 1072 3636 et
1089 3581 1218 3638 ecclesiae

114 3650 245 3722 primores
264 3667 320 3702 cum
336 3651 410 3720 aliis,
428 3652 462 3704 de
479 3651 573 3720 quibus
588 3653 638 3704 iam
655 3651 763 3706 dictum.
798 3651 918 3706 incenset
934 3653 1085 3721 patriarche
1103 3653 1216 3722 impera-

114 3730 214 3787 torem,
233 3719 329 3773 deinde
345 3719 429 3776 tradit
444 3719 586 3774 turibulum
603 3721 798 3777 archidiacono.
832 3721 892 3790 ipse
908 3738 972 3775 vero
989 3722 1116 3774 accedens
1132 3721 1216 3774 bens-

114 3789 184 3842 dicit
197 3796 225 3843 et
239 3788 371 3842 osculatur
386 3789 569 3859 imperatorem
586 3790 614 3843 in
632 3809 692 3856 ore;
710 3791 852 3858 eodemque
869 3791 945 3843 modo
963 3791 1016 3844 fert
1029 3790 1089 3872 ipse
1102 3789 1217 3842 osculum

115 3859 152 3911 ab
175 3858 345 3928 imperatore.
380 3867 474 3926 poster
504 3859 655 3930 patriarche
683 3867 736 3912 stet
768 3859 871 3912 vicinus
898 3859 1060 3929 imperatori.
1097 3857 1216 3928 episcopi

135 3944 196 3980 οπο
215 3929 267 3980 duo
284 3925 360 3979 simul
375 3929 532 3981 accedentes
550 3929 700 3982 oscuiantur
717 3936 745 3981 et
760 3928 812 3998 ipsi
826 3929 1018 3998 imperatorem,
1036 3925 1146 3996 primum
1159 3927 1220 3998 qui-

114 3946 176 4050 dem
193 4012 311 4063 menum,
339 3995 434 4048 deinde
451 4014 553 4066 genam.
589 4008 682 4068 postes
699 3997 767 4050 idem
785 3997 886 4052 iaciunt
903 4013 991 4051 omnes
1009 3994 1136 4048 ecclesiae
1153 4014 1217 4066 pro-

114 4072 200 4136 ceres,
217 4063 436 4137 archimandritpe
453 4066 531 4120 etiam
549 4072 575 4120 et
592 4067 808 4120 monasteriorum
824 4065 964 4135 praefecti.
988 4064 1084 4132 quibus
1101 4067 1216 4134 peractis

112 4133 267 4218 patriarcha
288 4133 466 4204 precationem
492 4152 592 4190 sacrem
615 4136 793 4208 superaddens
815 4135 939 4190 discedit.
973 4133 1116 4203 imperator
1140 4151 1215 4190 sunm

111 4221 143 4257 ιιι
160 4201 286 4256 conclave
301 4221 332 4256 se
349 4203 460 4257 confert.

183 4273 216 4326 In
232 4274 301 4326 sesto
319 4272 403 4324 sancti
420 4271 529 4340 spiritus
545 4273 630 4328 induit
646 4273 740 4328 iterum
757 4272 901 4343 imperator
917 4268 944 4322 in
960 4267 1080 4340 vesperis
1097 4275 1125 4322 et
1136 4270 1215 4326 litur-

110 4341 159 4416 gia
176 4360 210 4397 er
227 4342 282 4398 sais
304 4341 493 4410 gestaminibus
510 4359 627 4414 eaquae
645 4343 727 4398 volet.
763 4341 884 4396 similiter
900 4352 1025 4412 proceres
1044 4353 1149 4408 quoque
1166 4358 1214 4410 gs·
