3034 4916
237 253 242 268 ’
286 303 361 376 roo
447 303 657 374 cerrsmu
672 305 727 375 ur
742 303 874 373 curru
887 303 1219 376 comuuummus

328 462 438 550 Μάγοι
460 471 588 550 Περσῶν
606 469 752 550 βασιλεῖς,
773 464 945 553 ἐπιγνόντος
964 475 1073 552 σοφοῖς

326 551 381 616 τόν
398 552 448 618 lrrl
469 559 527 637 γῆς
545 555 687 636 τεχθέντα
706 555 829 638 βασιλέα
848 549 1004 637 ου’ράνιον,

327 635 389 702 άπό
412 644 553 720 λαμπροῦ
570 635 694 722 άστὲρος
713 637 870 722 ἑλκόμενοι
888 638 1030 720 άφθασαν
1048 639 1084 702 ἒν
1107 637 1225 720 Βηθλεέ
1247 687 1257 715 ,

176 726 269 784 Mil
327 726 411 804 δοῖρα
433 725 653 807 προσφέροντος
675 725 810 806 dysporo,
831 723 944 808 χρυσόν
965 727 1015 790 καὶ
1031 728 1156 806 λίβανον
1170 723 1222 789 καὶ
1238 722 1384 809 σμύρναν.

326 811 377 871 καὶ
393 805 535 882 πισόντες
550 806 795 891 προσεκύνησαν·
815 811 882 874 ἴδον
897 807 953 893 γάρ
969 811 1003 874 ἐν
1021 815 1064 896 τῷ

328 896 464 979 σπηλαίῳ
484 893 599 976 βρέφος
616 897 756 975 κείμενον
772 893 826 960 τόν
845 892 988 976 άχρονον.

283 1002 438 1057 estoutem
455 996 604 1059 idiomelorr
621 997 727 1077 proprii
747 996 813 1055 festi
832 997 979 1058 cauticum.
1020 997 1162 1058 idiomelle
1183 997 1288 1073 ubique
1309 997 1338 1054 in
1352 997 1385 1055 li-
1436 1004 1440 1018 ’

283 1081 343 1142 bris
358 1083 505 1144 ritualibus
519 1083 690 1143 Graecorum
703 1082 785 1142 obvie
798 1087 874 1144 sunt.
905 1085 1004 1163 inepte
1018 1081 1114 1142 Iunius
1127 1082 1173 1141 hic
1182 1083 1284 1141 'scribit
1300 1078 1384 1144 ἰδιά-

285 1173 376 1248 μιλον
393 1187 446 1248 per
460 1191 500 1247 ω,
519 1170 594 1227 infru
608 1168 755 1250 ἰδιόμελον
769 1185 821 1246 per
836 1192 851 1229 o
867 1164 990 1246 μικρόν,
1012 1175 1046 1228 ut
1065 1168 1179 1247 originis
1200 1174 1230 1226 et
1248 1169 1386 1246 composi-

282 1254 371 1312 tionis
392 1256 465 1313 retio
488 1252 630 1332 postulat3
662 1254 833 1334 planumque
854 1253 887 1312 fit
906 1273 941 1313 eu
961 1254 1106 1332 Menaeis,
1134 1253 1183 1310 ubi
1205 1252 1283 1312 nulla
1304 1248 1386 1314 ἰδιά-

284 1345 373 1418 μελα,
402 1341 455 1398 nisi
470 1341 567 1398 forsan
578 1347 673 1400 errore
687 1337 908 1417 typographico,
933 1341 985 1400 sed
1004 1358 1082 1398 mere
1100 1333 1236 1417 ἰδιόμελα
1254 1339 1386 1416 reperies.

280 1445 284 1454 '
353 1453 379 1506 ρ.
395 1439 429 1490 60
443 1453 470 1490 v.
484 1439 525 1492 10.
544 1429 683 1504 ἰδιόμελοτ
695 1435 823 1489 cauticum
832 1436 920 1504 serice
929 1438 1063 1506 proprium
1073 1477 1080 1504 ,
1092 1436 1129 1488 eit
1140 1435 1277 1489 Meursiuo.
1297 1451 1386 1490 verum

285 1500 477 1574 ίδιομελφδεῑ,
493 1506 544 1560 sibi
560 1506 612 1574 ι’μιι·
630 1511 734 1570 cuntot,
752 1504 813 1576 quie
830 1507 898 1558 solur
915 1523 942 1558 ιε
960 1505 1039 1560 rudit.
1056 1513 1096 1559 oet
1111 1505 1312 1574 itaqueproprii
1324 1523 1385 1557 τσο-

283 1581 328 1628 tur
342 1575 475 1639 modulor,
500 1574 545 1644 qui
561 1573 675 1626 nimirum
689 1574 796 1643 proprio
815 1592 847 1626 or
869 1573 976 1644 ριίυσιο
999 1576 1154 1629 modulandi
1177 1577 1274 1643 gruere
1290 1574 1386 1628 orcini-

284 1650 347 1705 tur‚·
369 1643 468 1712 hecque
485 1642 586 1696 ratione
602 1643 745 1710 τροπαρίφ
763 1643 799 1695 od
816 1643 925 1697 ulterior
942 1652 1048 1698 οσαιιιιιι
1063 1644 1217 1714 inflectendo
1237 1643 1386 1714 ορροιιίιιιε.

284 1711 359 1780 vido,
377 1711 477 1781 siquid
494 1717 652 1777 mercentur,
670 1711 851 1782 Eucbologice.

368 1823 397 1882 p.
412 1805 453 1868 62
464 1819 491 1862 v.
504 1800 533 1864 4.
551 1798 656 1861 serrula
668 1799 744 1860 humi
758 1799 860 1880 posito]
879 1799 975 1860 Iunius
987 1800 1069 1860 nobis
1083 1803 1252 1880 persuadere
1269 1805 1385 1860 conterr-

286 1885 329 1944 dit
344 1905 449 1966 ponere
462 1885 566 1948 fercula
580 1881 624 1950 ἐπ’
636 1882 789 1964 Ιἐδάφους,
810 1887 839 1946 id
854 1894 899 1946 eet
912 1887 999 1964 humi,
1020 1888 1096 1946 idem
1108 1905 1172 1946 esse
1186 1887 1264 1963 quod
1279 1905 1385 1966 ponere

284 1990 370 2051 super
387 1991 527 2050 mensam,
549 1972 616 2050 quia
639 1990 736 2030 mense
757 1977 802 2029 est
822 1973 907 2032 etiam
932 1971 1044 2048 ἔδαφος
1058 1961 1108 2030 scu
1123 1973 1206 2032 solum
1219 1992 1271 2030 seu
1285 1979 1385 2032 curten-

283 2057 411 2115 tuculum.
452 2077 491 2115 en
502 2053 621 2134 vigilare
635 2057 691 2116 iste
705 2057 847 2134 scripserit
859 2057 956 2116 Iunius
971 2058 1102 2133 equidem
1115 2058 1232 2138 dubito,
1249 2077 1313 2116 cum
1328 2058 1385 2116 Co·

277 2142 368 2218 ¹diuus
389 2159 520 2220 expresse
542 2143 617 2202 dicut
636 2135 803 2202 demesticos
820 2145 874 2204 rori
889 2143 1077 2220 δομεστικίον
1092 2143 1218 2220 μίνσους
1229 2140 1385 2222 κειμένους

282 2221 329 2288 ἐπ’
344 2220 495 2304 ἐδάφους,
513 2227 589 2288 lumi
600 2225 642 2289 orl
657 2231 687 2286 io
705 2231 854 2306 pavimento
868 2232 990 2307 positor,
1013 2246 1048 2288 er
1061 2227 1123 2287 solo
1142 2229 1295 2287 levassem
1307 2247 1384 2287 merr-

281 2329 343 2370 sem
362 2313 555 2390 imperatoris,
583 2318 613 2373 et
633 2313 715 2374 huius
735 2312 854 2372 faciendi
878 2319 946 2374 tunc
967 2319 1079 2373 tautum
1098 2320 1128 2373 et
1148 2313 1216 2374 alies
1240 2332 1384 2390 nunquam

281 2403 453 2476 potestatem
475 2398 616 2458 habuisse
656 2416 693 2458 an
716 2399 793 2473 quod
814 2398 869 2456 iem
890 2400 982 2457 estin
1005 2416 1117 2477 mensa,
1142 2401 1243 2460 dicitur
1255 2398 1341 2459 levari
1355 2399 1384 2456 in

276 2483 428 2543 'mensem‘l
451 2490 481 2543 et
494 2489 588 2564 supra.
632 2483 777 2542 domestici
798 2483 846 2541 isti
867 2481 986 2545 τιθέασι
1007 2479 1080 2558 roric
1100 2483 1225 2564 μίνσους
1250 2478 1295 2546 ἐπ’
1316 2477 1383 2546 ἐδά-

281 2591 377 2646 φους,
413 2571 443 2630 in
466 2588 523 2648 quo
544 2569 682 2650 Calepino
703 2569 810 2650 reperit
828 2567 924 2630 Iunius
945 2567 1058 2648 ἔδαφος
1077 2587 1141 2630 esse
1161 2570 1207 2630 rel
1227 2569 1383 2648 siguificare

276 2653 430 2716 mensam‘l

277 2765 292 2793 '·
365 2759 401 2816 ib.
423 2775 449 2817 v.
471 2759 521 2820 21.
542 2751 575 2818 τό
599 2751 757 2838 μινσάλεον
777 2773 876 2838 mappa
889 2775 1002 2822 ιαεαιοο.
1046 2755 1152 2814 merrus
1166 2755 1196 2816 in
1210 2753 1381 2834 Responsis:

280 2839 333 2904 καὶ
345 2838 381 2902 τά
396 2839 428 2904 ἕν
447 2847 512 2914 ταῖς
533 2839 689 2922 τραπέζαις
711 2836 925 2923 ἐφαπλοόμενα
946 2835 1058 2908 ὀθόνια
1079 2836 1220 2922 μινσάλια
1238 2841 1381 2924 λέγονται,

281 2919 332 2988 οἷα
346 2921 422 3004 πρός
437 2921 551 3004 κόσμον
565 2931 619 3006 τῆς
633 2925 778 3008 τραπέζης
792 2926 844 2988 καὶ
858 2931 919 2990 τοῖν
936 2929 1053 3006 μίνσοιν
1065 2925 1221 3006 τιθέμενα.

366 3046 394 3106 p-
411 3030 452 3090 63
467 3043 493 3083 ν.
510 3031 536 3088 1.
558 3047 610 3104 pro
637 3026 790 3090 ἰσοπὲδιον
803 3033 995 3107 reponendum
1009 3038 1053 3089 est
1069 3027 1269 3100 σουππέδιον,
1291 3048 1382 3106 συμμο-

281 3111 372 3190 dium,
392 3109 542 3172 scabellum
559 3114 679 3190 pedum,
700 3123 898 3192 usurpatuma
922 3116 1023 3175 Nicete
1044 3116 1184 3174 Choniete
1201 3119 1231 3172 et
1255 3113 1291 3171 ab
1313 3114 1381 3189 aliis,
1496 3145 1497 3186 η

280 3203 314 3256 ut
329 3199 412 3258 docet
424 3195 563 3256 Meursius
581 3197 611 3258 in
625 3195 737 3258 Lexioo.
767 3201 897 3260 scribitur
916 3203 1000 3260 etiem
1016 3199 1164 3265 σοεπὲδιον
1186 3207 1217 3258 et
1231 3197 1381 3261 συπέδιον.

276 3317 281 3322 ·
349 3292 413 3350 ibid.
450 3294 529 3348 miror
552 3309 597 3348 cur
620 3311 671 3348 uon
701 3297 804 3365 primam
832 3304 860 3351 et
894 3315 1039 3368 germanam
1062 3298 1198 3352 lectionem
1222 3293 1382 3350 ἰσουπέδιον

279 3363 418 3434 reliquerit
435 3366 585 3418 Gretserus.
609 3381 641 3418 en
665 3381 715 3418 nou
732 3367 849 3420 Graecos
865 3378 984 3422 auctores
1007 3368 1117 3422 Graecis
1134 3368 1221 3438 potius
1239 3383 1315 3436 quem
1331 3366 1382 3418 lm·

275 3433 346 3487 ·tinio
363 3451 411 3503 per
428 3441 469 3487 ert
484 3433 522 3484 uti
537 3433 664 3488 roeibuo‘l
680 3431 853 3489 σουππέδιον
869 3455 933 3491 vero
951 3439 1060 3502 betica,
1078 3434 1240 3490 ἰσουπέδιον
1258 3435 1302 3488 vel
1313 3432 1382 3487 elco-

275 3499 378 3556 οιέδιον
395 3504 498 3556 Graece
513 3519 566 3555 vox
584 3510 639 3567 est,
665 3521 740 3573 quem
758 3505 881 3558 communi
905 3523 1031 3560 concensu
1054 3513 1158 3559 tuentur
1176 3503 1251 3572 Regii
1269 3503 1379 3559 codices.

277 3573 425 3656 utramlibet
441 3587 506 3625 vero
523 3573 654 3641 sequeris,
669 3575 822 3658 coppedjum
840 3575 895 3627 eive
905 3577 1045 3660 scabellum
1062 3577 1157 3645 pedum
1169 3574 1381 3658 interpretabere,

275 3639 1059 3777 tlzbllttltttllttl0Tittlltltfflttt
1075 3643 1380 3783 tiltt‘ztlwrl'lt

276 3799 352 3841 τινος
370 3775 508 3848 μετεώρου
533 3779 733 3846 σκιμποὸίσιιου
750 3777 823 3834 κατά
845 3778 896 3836 τόν
911 3780 1059 3844 Μάκρωνα
1075 3777 1301 3849 παρευρεδὲντος
1315 3773 1379 3860 ατὰρ

277 3845 376 3910 αὖτάςι
394 3850 465 3902 cuius
482 3848 533 3900 elie
550 3848 626 3901 lectio
644 3849 745 3920 reponit
761 3846 809 3902 ἐπί
822 3869 898 3913 τινος
912 3848 1049 3920 μετεώρου
1063 3849 1246 3904 σουππεδίου.
1263 3848 1326 3900 elius
1343 3863 1378 3898 τοι
1494 3889 1495 3894 ,

276 3915 310 3970 δ)
327 3920 379 3972 τοῦ
395 3918 516 3984 Χριστοῦ
531 3914 582 3969 καὶ
599 3919 655 3970 τῶν
678 3915 767 3986 άηίοιν
782 3923 852 3973 θεία
868 3917 1021 3989 εἰκάσματα
1047 3917 1088 3982 εἰς
1108 3917 1192 3985 ἔδρας
1217 3915 1265 3970 καὶ
1283 3917 1377 3970 ποδοῖν

276 3987 417 4050 δρουίδας
433 3989 576 4053 παρῆγονι
596 3986 727 4039 substituit
742 3989 793 4042 elia
809 3985 962 4057 εἰκάσματα
979 3987 1020 4050 εἰς
1040 3984 1217 4055 ποδαροόλια
1227 3983 1277 4039 καὶ
1295 4002 1377 4039 σουπ-

275 4051 362 4108 utrm
384 4053 594 4118 κατεσκεύαζον.
619 4051 759 4109 τριπόδιον
782 4065 810 4111 et
832 4054 966 4114 σοπόδιον
990 4060 1054 4127 legit
1076 4059 1160 4111 adbuc
1186 4055 1314 4109 Meurriur
1331 4055 1376 4108 lroo

276 4123 364 4176 eodem
382 4127 478 4186 verbo,
495 4141 562 4194 queo
579 4125 723 4192 Graecam,
739 4133 771 4180 ut
788 4128 899 4209 asserui.
913 4127 1048 4182 lectionem
1065 4123 1209 4181 humidior
1223 4125 1377 4178 confirment.

289 4266 293 4274 ,
359 4215 442 4276 ib.,v.
464 4217 492 4278 3·
521 4213 723 4291 pamgierium
737 4221 767 4274 et
794 4220 928 4296 panegiu.
970 4217 1123 4276 illuderet
1146 4194 1262 4276 scutella
1278 4217 1308 4274 in
1323 4233 1376 4290 que

274 4302 399 4379 paragra
413 4297 602 4359 adserebatur.
644 4299 713 4402 quid
734 4321 801 4363 vero
822 4301 914 4364 hecel
941 4304 1012 4364 mira
1031 4302 1136 4366 lunius.
1178 4297 1219 4362 eit
1229 4305 1376 4382 pmmgiu
