2958 4918
271 282 342 360 134
420 281 631 362 GREISERI
646 283 704 367 ET
721 279 857 352 Gonnl
870 279 1205 350 COMMENTARIUS

349 452 444 514 Etiam
471 447 591 510 Latinae
617 447 748 510 ecclesiae
781 449 991 528 protonotarius
1016 448 1139 509 usitatus
1166 447 1238 528 fuit,
1260 448 1314 526 qui
1340 455 1367 507 et

267 539 438 618 primicerius
454 536 642 610 notariorum
666 535 703 596 de
720 527 778 612 q'uo
793 533 858 594 vide
873 533 1052 617 Onupluium
1065 535 1096 596 in
1112 532 1241 615 explicat.
1270 552 1367 594 vocum

266 620 627 684 obscurarum‘Erelesiast.

353 736 488 812 Sequitur
509 733 661 812 logotheta,
690 752 775 812 quem
798 733 915 794 Nicetes
951 732 970 794 l
998 737 1022 800 7
1059 751 1153 792 rerum
1186 752 1205 792 a
1237 732 1371 792 Manuele

270 826 414 898 gestarum
444 820 554 880 Latinis
579 822 620 880 ait
650 838 713 879 esse
746 821 954 898 conmllarium,
987 819 1037 894 qui
1065 838 1084 878 a
1113 817 1238 878 camellis
1271 837 1371 877 nomen

270 907 375 984 habet,
408 911 442 964 ut
460 907 568 984 ¹ipsum
594 923 697 965 nomen
724 906 794 965 satis
817 905 930 964 indicat.
972 910 1032 962 erut
1065 907 1162 978 moris,
1191 903 1287 979 inquit
1318 905 1371 962 Ca-

270 991 414 1052 saubouus
434 991 465 1049 in
483 990 611 1050 Flavium
635 989 804 1069 Vopiscum,
836 995 868 1050 ut
884 991 1035 1070 principum
1051 993 1077 1062 et
1100 991 1314 1064 magistratuum
1333 1008 1372 1047 ss·

270 1082 345 1136 creta
366 1079 418 1152 (itu
438 1081 568 1135 οοοοτνοῐ
587 1076 647 1136 loca
663 1075 712 1134 ati
731 1073 769 1134 ds
778 1078 891 1151 negotiis
905 1093 955 1154 pro
970 1077 1073 1133 salioru
1089 1077 1203 1132 muneris
1213 1075 1374 1152 quisquemi

271 1164 421 1220 uariatum·
437 1161 636 1237 conveniebant)
651 1164 682 1220 in
702 1161 783 1219 aditu
798 1164 885 1239 primo
903 1159 966 1218 uelo
988 1163 1013 1219 et
1033 1157 1127 1217 deinde
1143 1159 1274 1218 caucellos
1295 1159 1373 1217 laic·

270 1251 345 1304 rent:
369 1247 467 1306 maaet
488 1246 534 1304 lor
555 1250 652 1305 uocant
670 1246 839 1327 κιγκλίδας,
862 1237 1069 1326 δρυφάκτους,
1085 1248 1131 1312 ,αἱ
1150 1249 1177 1304 et
1200 1243 1374 1303 Cassiodorus

265 1330 432 1411 fenestratas
451 1333 559 1390 ianuas.
602 1333 651 1408 φα·
671 1329 731 1389 uela
755 1331 916 1406 sonabant,
935 1330 1035 1389 somnii
1056 1327 1140 1402 dicti,
1166 1330 1215 1408 gui
1236 1327 1374 1404 mmellos,

270 1415 435 1474 cancellarii.
475 1432 528 1473 uos
548 1435 603 1474 non
618 1413 756 1474 admodum
771 1419 904 1508 antipae,
927 1412 1071 1474 necmulto
1093 1418 1157 1472 onie
1186 1413 1292 1492 Vopisci
1311 1420 1373 1473 tem-

268 1519 338 1579 pora
357 1504 447 1578 coepta
466 1503 602 1577 usurpari.
644 1501 860 1559 cancellariorum
882 1502 1057 1579 praecipuum
1078 1517 1173 1558 munus
1194 1504 1254 1557 erat
1279 1504 1313 1557 ut
1340 1495 1375 1557 od

272 1583 403 1642 cancellos
422 1584 571 1656 domuerit,
594 1583 765 1644 admissiones
783 1589 920 1659 curarent,
940 1590 1008 1643 stne
1024 1584 1090 1662 quid
1105 1583 1253 1657 tumultus,
1273 1585 1375 1663 utfieri

273 1673 349 1727 umut
361 1671 391 1727 in
409 1670 504 1745 turbo,
523 1669 665 1742 audiretur
675 1673 861 1748 prospicerent.
904 1667 1066 1728 simillimum
1084 1687 1180 1727 munus
1195 1669 1275 1728 lodie
1288 1672 1319 1728 in
1332 1688 1375 1727 cu·

273 1755 319 1813 ria
339 1772 426 1813 eorum
441 1757 490 1832 qui
510 1757 617 1813 ostiarii
633 1755 775 1824 dr'cuntur3
796 1773 878 1834 qnare
895 1760 928 1813 ut
941 1773 985 1824 re,
1002 1755 1042 1811 sio
1057 1758 1083 1812 et
1093 1757 1196 1812 nomine
1209 1757 1374 1827 conueniunt,

274 1837 346 1917 quod
361 1844 517 1916 amepmuut
530 1840 562 1899 lsi
580 1841 615 1898 uls
632 1842 715 1910 ostio,
741 1841 787 1898 illi
804 1861 823 1898 a
844 1838 968 1898 cancellis
983 1841 1032 1917 poi
1041 1842 1167 1914 proastio
1179 1843 1267 1898 erant.
1311 1838 1375 1897 haec

275 1923 357 2000 origo
379 1924 515 2001 nominis,
546 1924 625 2000 quod
648 1943 779 1984 successu
796 1924 930 2002 temporis
949 1922 1136 2000 amplissimae
1150 1922 1300 2000 diguitatis
1320 1929 1375 1982 san

275 2006 307 2066 iu
323 2007 439 2066 ecclesia
459 2027 543 2084 quam
562 2009 592 2067 iu
614 2027 714 2086 regum
730 2015 762 2068 et
777 2010 934 2087 principum
953 2007 1023 2066 aulis
1039 2007 1172 2067 indicium
1190 2027 1254 2066 esse
1278 2009 1375 2087 coepit

179 2129 181 2138 ι
275 2093 342 2150 vide
358 2092 536 2170 onuphrium
549 2092 597 2152 lib.
614 2094 669 2153 iam
684 2094 796 2173 saepius
816 2095 920 2174 citato,
940 2099 970 2155 et
985 2092 1130 2155 Cuiaoium
1143 2094 1173 2153 in
1183 2092 1329 2156 Paratitlis
1341 2094 1375 2154 ad

276 2175 325 2236 lib.
347 2179 364 2238 1
382 2178 444 2236 cod
459 2177 622 2238 Iustinianei
634 2179 678 2239 tit.
699 2179 751 2245 61.

317 2295 321 2307 ¹
363 2291 524 2354 Redeamus
547 2297 585 2355 ad
610 2295 801 2374 logothetam3
833 2297 882 2374 qui
916 2297 1096 2378 apouendis
1121 2316 1173 2356 seu
1196 2297 1374 2358 discutiendis

277 2378 432 2438 rationibus
470 2381 525 2440 hoc
551 2401 653 2441 nomen
677 2383 771 2444 traxit
812 2383 878 2442 hinc
899 2383 1034 2444 dismusor
1063 2386 1194 2442 rationum
1217 2403 1236 2442 a
1262 2385 1375 2460 quibus-

277 2465 343 2525 dam
381 2465 552 2544 appellatum
573 2473 614 2526 'et
646 2469 721 2528 forte
755 2487 814 2527 nou
836 2468 909 2527 male
941 2469 1098 2528 rationalem
1126 2469 1289 2548 vocaveris,
1325 2468 1375 2528 etsi

276 2552 420 2611 rationulis
436 2551 559 2628 generali
578 2553 693 2613 notione
720 2554 811 2630 quivis
836 2560 1002 2632 procurator
1030 2554 1147 2632 dicitur,
1175 2559 1210 2612 ut
1234 2555 1320 2613 docet
1341 2554 1376 2612 ad

277 2631 471 2713 Lampridium
495 2643 525 2695 et
547 2637 739 2716 Capitolinum
766 2639 960 2699 Casanbonns.
1001 2638 1053 2697 sed
1071 2639 1111 2696 nil
1125 2643 1204 2698 vetat
1220 2639 1375 2716 generalem

277 2720 422 2780 notionem
449 2723 635 2799 restringere,
665 2724 829 2801 praesertim
860 2736 924 2782 cum
944 2723 1072 2782 Codinus
1104 2725 1180 2783 dicat
1203 2723 1376 2801 logothetam

278 2823 342 2862 esse
363 2805 407 2878 ele
427 2803 463 2867 cd
478 2811 691 2894 loyoypupeim
720 2808 758 2868 ud
780 2810 955 2886 conficiendas
975 2815 1001 2868 et
1019 2810 1172 2868 scribendus
1189 2815 1214 2868 el
1232 2811 1376 2871 discutim-

204 2889 206 2892 ’
278 2889 331 2947 dus
348 2894 473 2950 rationes.
515 2891 579 2949 talis
594 2892 724 2968 profecto
740 2912 792 2954 nec
812 2893 885 2952 male
904 2912 956 2952 nec
980 2893 1102 2953 absurde
1120 2895 1264 2954 rationulis
1284 2894 1376 2975 appd-

279 2970 392 3034 labitur.
433 2974 499 3033 hino
525 2976 610 3034 etiam
632 2997 689 3035 non
707 2978 802 3055 inepte
825 2979 1012 3058 appellabitur
1034 2973 1241 3060 λογογράφοςι
1265 2980 1377 3039 sienim

277 3059 340 3117 eius
358 3065 402 3118 est
425 3063 638 3140 λογογραφεῖν,
668 3081 717 3121 cur
737 3082 795 3122 non
813 3060 894 3141 nopai
916 3059 949 3126 sd
972 3069 1172 3150 loyoppaoriu
1192 3065 1376 3142 appellaretur

280 3138 493 3225 λογογράφοςὲ)
533 3165 592 3204 uon
617 3147 731 3223 ignarus
748 3168 814 3208 sum
840 3150 908 3225 quid
933 3149 962 3208 in
982 3150 1078 3208 codice
1092 3149 1263 3208 Iustiniaueo
1276 3150 1324 3210 lib.
1341 3151 1375 3212 10

280 3225 339 3309 l.1
362 3230 398 3288 de
421 3229 602 3310 logographis
628 3234 810 3311 decernatur,
848 3240 879 3293 et
905 3235 974 3309 quid
999 3237 1037 3294 ad
1060 3233 1136 3293 illam
1162 3252 1276 3310 quoque
1290 3235 1376 3312 legem

281 3315 378 3372 madal
405 3315 550 3374 ¹Cuiacius:
580 3316 632 3375 sed
653 3337 706 3376 nos
735 3319 981 3379 ecclesiasticarum
1006 3320 1144 3379 duntaxat
1161 3319 1376 3398 appellationum

281 3398 344 3484 vim
360 3405 391 3458 et
410 3400 546 3478 orig'nem
560 3401 615 3462 hoc
629 3403 692 3462 loco
710 3404 877 3482 indagamus
895 3410 925 3463 et
940 3424 993 3483 pro
1005 3405 1110 3463 viribus
1124 3405 1303 3483 explicamus.

353 3529 381 3582 p.
398 3512 417 3568 4
431 3531 460 3566 v.
473 3515 514 3568 14.
537 3509 730 3586 diopoiicrpc]
757 3518 822 3572 haec
839 3518 873 3572 de
890 3517 934 3571 illo
949 3517 1092 3573 Meflanus
1113 3511 1296 3590 ὃλογοθέτης
1310 3516 1376 3573 sisso·

285 3583 396 3670 κρατῶν
416 3577 469 3651 τὴν
488 3583 608 3669 dodiloni
623 3586 676 3670 cori
687 3580 856 3674 ρῖργριερέως,
878 3586 927 3640 sul
942 3587 976 3670 pi
985 3605 1013 3641 ar
1027 3580 1064 3641 dir
1083 3583 1212 3656 γράφειὸ
1230 3584 1376 3671 depereatis,

284 3651 464 3842 ξῗιίῗαὲξζῗῖδῖ
472 3652 1377 3845 lli{tl{tpctl‘liltltltltltltilllllltltlll‘ll}

283 3791 1377 3935 illidii.fwill,liidlltlllnlltt‘llltilit‘ltllitllrllt?ill

285 3926 342 4011 locu
353 3921 383 3980 ἐκ
394 3929 451 4012 coir
463 3925 635 3996 σημειώσεων
646 3928 694 4012 noel
704 3930 856 3998 caprilios,
873 3949 904 4033 ce
920 3933 1028 3998 publicis
1040 3935 1218 4016 instrumentis
1228 3943 1255 3988 et
1264 3935 1375 4052 ,iscripsi
1446 3939 1447 3980 l

284 3997 622 4135 tilltiteltllllilf
632 3995 1134 4136 llltilctllleliiillidi
1144 3999 1253 4139 'iiiiii
1273 4007 1376 4141 llil

284 4151 356 4218 ρητο
369 4131 400 4186 dl
409 4133 458 4186 καὶ
467 4131 598 4189 κάτωθεν
610 4134 756 4220 μολιβδίνη
769 4136 888 4207 βοῦλλαν,
909 4132 1010 4204 ἔχουσα
1022 4130 1054 4191 ἐν
1068 4133 1120 4206 μὲν
1131 4141 1171 4207 τῷ
1183 4131 1224 4192 iul
1243 4133 1319 4207 μέρει
1329 4133 1376 4205 τὴν
1446 4187 1447 4190 ,

285 4203 441 4284 νπρροιγίοιν
452 4201 592 4260 νεοτόκον
603 4207 745 4270 aaronem
762 4201 905 4272 φέρουσαν
920 4199 971 4258 τὸν
986 4202 1084 4274 κύριον
1098 4203 1176 4276 ἡμῶν
1191 4203 1301 4276 Ἰησοῦν
1315 4209 1376 4273 Χρι·

286 4287 370 4340 σοον,
390 4265 422 4327 ἐν
436 4267 468 4327 dl
480 4274 521 4346 rat
536 4265 620 4347 ἑτέρῳ
631 4273 780 4345 γράμματα
799 4273 889 4329 ταῦτα
905 4270 1070 4345 ιΤερμανὸς
1085 4269 1153 4350 trip
1169 4277 1244 4334 θεοῦ
1259 4271 1376 4349 dorseni·
