2958 4918
268 293 342 372 150
426 297 637 370 GRETSERI
650 300 706 370 ET
725 299 861 372 coum
874 301 1217 398 COMMENTARIUS

581 539 1053 682 uarurxu

343 847 373 910 p·
390 830 410 895 6
426 848 453 891 v.
468 831 498 894 9.
538 782 582 892 Iu
595 837 695 892 octavo
707 834 835 910 quinario
847 834 952 918 primae
964 839 1044 894 tenet
1058 837 1228 919 pumiceas
1239 833 1371 910 lecimus,

262 915 310 992 qui
324 923 354 974 et
369 917 446 996 apud
460 915 580 978 Citrium
595 925 747 999 comparet
781 961 784 965 -

328 1030 394 1085 ibid.
432 1025 667 1104 ὁκοιμμικόιος
689 1033 746 1089 sois
767 1017 964 1104 ἆνομνοοοτοῖο]
1003 1031 1136 1088 Allatiauu
1152 1030 1229 1089 simul
1246 1049 1304 1085 cum
1324 1030 1370 1083 ci-

259 1095 311 1150 trio
330 1104 421 1153 cuncta
436 1101 523 1154 officia
543 1103 568 1155 iu
588 1053 758 1174 duodenus,
783 1096 909 1170 [εοατιμοὶ
934 1097 1055 1156 καὶτῶν
1072 1098 1262 1170 ἄναγνωοτῶν
1281 1101 1370 1153 volunt

259 1181 317 1218 esse
328 1167 417 1222 divisa.
452 1171 593 1240 quindecim
605 1173 686 1243 prirnu
697 1165 810 1224 diaconii
821 1171 965 1239 assignant,
984 1187 1078 1240 eosque
1096 1169 1129 1223 ad
1148 1171 1314 1239 patriarchae
1331 1169 1369 1221 la-

258 1241 301 1286 tus
312 1235 339 1288 in
350 1237 441 1290 dextro
453 1241 548 1307 choro,
564 1243 637 1294 velut
649 1243 703 1298 eius
714 1242 831 1309 curiam,
847 1241 949 1296 locante
975 1239 1111 1310 sequentia
1128 1239 1202 1309 piura
1218 1256 1297 1308 quam
1309 1247 1371 1307 apta

258 1305 436 1361 sacerdotibus
454 1311 626 1374 convenient,
653 1327 751 1380 aequus
767 1312 851 1364 lector
868 1327 901 1364 ex
920 1309 1002 1378 primo
1025 1311 1118 1365 obtutu
1140 1308 1243 1366 iudicat.
1279 1317 1370 1379 proto·
1460 1325 1461 1364 i

257 1373 358 1493 psaitae
383 1377 521 1460 velbuius
539 1379 675 1433 inferiores
691 1397 743 1434 non
759 1379 809 1434 nisi
825 1376 965 1434 lectoribus
985 1377 1100 1434 conferri
1123 1377 1238 1445 citrius,
1261 1384 1371 1436 auctora

266 1459 310 1516 pu
327 1453 515 1516 consentiente,
533 1449 695 1504 determinat.

343 1550 381 1612 ib.
401 1567 429 1611 v.
452 1554 500 1617 10.
528 1555 665 1630 Sequitur
684 1548 859 1636 ὅοομικός,
880 1554 929 1632 qui
949 1553 1028 1632 apud
1044 1552 1147 1613 Codiu.
1165 1572 1195 1632 p.
1213 1556 1230 1618 1
1247 1553 1294 1614 ed.
1307 1551 1370 1612 Iun.

257 1637 304 1692 est
320 1629 537 1718 ὄνομοδότης,
559 1640 642 1700 Iunio
651 1647 823 1720 praereptor,
844 1641 894 1720 qui
909 1646 940 1699 et
954 1640 985 1703 iu
998 1638 1112 1700 scholiis
1124 1639 1194 1698 istu:
1211 1645 1370 1718 μοοωμίοτ

257 1723 298 1776 ert
317 1724 475 1782 montonem
494 1725 536 1786 oet
560 1731 702 1804 ψαλτοίν,
724 1726 964 1806 summiserint,
985 1728 1034 1805 qui
1047 1730 1141 1806 purtsu
1162 1729 1289 1802 conupto
1308 1743 1370 1783 vocs

257 1803 407 1884 μαΐοτωρ,
431 1807 461 1866 id
484 1813 866 1890 armaquearmaque
888 1832 917 1890 p.
940 1807 984 1876 44
1012 1812 1050 1872 11
1068 1818 1100 1870 et
1120 1829 1149 1888 p.
1171 1811 1280 1874 6017.
1300 1827 1370 1870 uum

255 1887 325 1948 haec
340 1909 407 1952 ,reta
421 1893 495 1973 siut,
508 1895 577 1956 facit
599 1903 633 1956 ut
653 1898 779 1956 dubitem
804 1895 926 1956 Ioannes
949 1895 1072 1975 Uibius,
1101 1893 1180 1972 apud
1207 1912 1293 1970 quem
1322 1900 1370 1953 est

254 1971 480 2057 νουμμοδότης,
497 1985 598 2040 nummi
618 1982 712 2058 dator,
733 1987 767 2060 pt
791 1982 878 2042 vertit
899 1977 1048 2059 interpres.
1074 1981 1150 2039 forte
1172 1979 1198 2038 is
1218 1985 1264 2038 est
1282 1999 1368 2056 quem

144 2067 168 2120 P
188 2072 240 2125 175
255 2078 308 2118 nos
323 2061 552 2140 sleomymrtua
570 2059 714 2144 appellere
730 2067 868 2142 solemus3
889 2067 944 2126 nisi
966 2066 1030 2142 quis
1044 2063 1197 2125 arbitretur
1209 2084 1275 2126 eum
1288 2066 1367 2144 apud

254 2143 379 2206 Graecos
410 2164 518 2210 morem
544 2150 668 2228 riguisse
699 2153 748 2228 qui
769 2152 848 2230 apud
876 2170 930 2212 nos
959 2151 990 2210 in
1018 2150 1114 2212 multis
1143 2150 1283 2230 ecelesiis,
1316 2151 1367 2210 ubi

253 2231 450 2307 praesentibus
481 2233 586 2296 clericis
621 2237 728 2314 aliquid
763 2237 899 2317 pecuniae
932 2237 995 2296 deri
1023 2235 1118 2311 solet3
1149 2255 1235 2313 quam
1260 2243 1366 2296 vocant

247 2322 404 2391 praesenta,
427 2324 458 2378 et
477 2320 555 2384 illum
577 2323 622 2382 oui
640 2341 743 2383 munus
769 2323 957 2384 distribuendi
976 2323 1170 2402 commissum,
1186 2329 1365 2401 praesentass-

250 2405 283 2458 ut
301 2421 364 2462 cum
377 2403 506 2466 Codinus
516 2426 573 2468 uuo
588 2405 651 2470 loco
667 2409 772 2470 habeat
795 2402 984 2488 νομοδότην,
1005 2407 1095 2468 altero
1117 2425 1251 2485 expresse
1274 2430 1365 2486 νομι-

249 2479 322 2560 κόν,
341 2507 399 2550 nou
412 2490 524 2552 ridetur
539 2494 687 2554 verisimile
709 2490 922 2574 νοομμοδόοην
944 2492 1097 2572 legendum
1122 2511 1200 2565 esse3
1224 2493 1279 2550 nisi
1299 2494 1365 2570 quis

248 2573 334 2633 etiam
344 2576 438 2652 priore
448 2575 510 2638 loco
524 2577 698 2659 νοομμικόο
714 2598 789 2640 nove
801 2581 924 2640 formae
947 2599 1053 2640 nummo
1070 2578 1277 2641 resumendum
1295 2598 1366 2638 oon-

247 2660 357 2718 tendat.
380 2660 446 2720 lieet
457 2659 587 2742 νομικός
597 2682 712 2741 quoque
728 2660 812 2748 stupri
826 2661 861 2730 cd
871 2658 985 2744 νόμος,
998 2670 1032 2724 ut
1044 2683 1152 2724 numum
1165 2683 1217 2724 seu
1229 2683 1364 2723 nummum

248 2742 405 2824 siguificat,
425 2748 527 2807 deduci
540 2750 640 2826 possib
662 2752 765 2827 quodsi
780 2744 907 2829 νομικός
922 2750 961 2808 ad
977 2755 1107 2810 cantores
1117 2751 1257 2828 pertinet,
1278 2749 1365 2827 plane

248 2826 398 2890 isvidetur
411 2851 474 2892 esse
492 2833 541 2909 qui
558 2840 673 2894 manum
686 2843 874 2912 cantoresque
888 2837 980 2913 regit,
1002 2840 1031 2894 et
1048 2840 1082 2896 ut
1102 2835 1189 2914 vulgo
1211 2835 1363 2918 loquimur,

249 2917 299 2990 qa·
311 2921 412 2976 turtum
421 2920 549 2995 praue,
570 2919 618 2978 der
639 2921 689 2980 den
707 2927 764 2982 tect
782 2923 861 2998 gibt5
884 2922 939 2980 nisi
960 2922 1006 2980 eui
1031 2920 1110 2980 sorte
1128 2922 1220 2999 magis
1237 2922 1363 2980 arrideat

248 3002 284 3056 ut
298 3015 350 3075 per
368 2997 496 3074 νομικόν
513 3009 543 3063 et
559 3000 732 3085 νομοδότην
752 3006 893 3084 intelligat
913 3006 1104 3084 iurisperitum
1119 3025 1170 3065 seu
1190 3007 1259 3066 iuris
1272 3007 1362 3066 inter-

246 3091 373 3160 pretem:
395 3086 492 3146 forsan
510 3089 585 3150 euim
607 3091 637 3150 in
653 3091 727 3154 clero
740 3112 861 3172 magnae
880 3092 1013 3152 ecclesiae
1031 3098 1159 3170 tempore
1173 3093 1278 3152 Codini
1298 3097 1361 3152 erat

247 3169 335 3243 isqui
350 3177 451 3248 postea
471 3174 564 3234 dictus
588 3190 634 3236 est
652 3173 846 3257 νομοφύλαξ,
868 3179 947 3239 cuius
966 3177 1072 3236 mentio
1091 3179 1122 3236 iu
1143 3176 1283 3254 Turcogr.
1301 3176 1359 3242 [7

246 3252 296 3315 soi.
309 3253 381 3320 506.
396 3277 449 3318 uec
461 3265 506 3319 est
528 3279 547 3319 a
568 3279 636 3322 vero
654 3263 775 3322 alienum
798 3266 885 3325 fuisse
906 3261 1135 3326 interofficiales
1155 3263 1359 3322 ecclesiasticos

245 3337 370 3442 ³²¹5un
391 3344 439 3420 qui
463 3345 501 3406 de
527 3347 589 3407 iure
607 3361 746 3430 responsu
769 3351 858 3412 daret
886 3349 1063 3411 Glossarium
1081 3347 1231 3428 Latinogr.
1252 3348 1362 3410 tabellio

244 3444 382 3504 οομικος.
539 3443 542 3451 ’

314 3523 380 3578 ibid.
422 3518 438 3579 ὁ
454 3524 579 3599 νομικός]
608 3532 652 3602 qui
673 3531 745 3603 typis
763 3535 791 3586 et
808 3531 991 3588 ecclesiasticis
1009 3531 1119 3588 rubricis
1138 3530 1256 3602 apprime
1272 3529 1358 3584 erudi-

244 3593 303 3657 tus,
327 3591 397 3662 quod
417 3611 520 3666 quoque
539 3599 583 3653 die
597 3599 733 3670 legendum
755 3601 869 3654 officium
893 3602 936 3655 vel
955 3609 1074 3658 crouuat
1090 3601 1212 3656 memoria
1230 3599 1357 3666 iacienda,

137 3669 140 3678 “
244 3660 329 3715 sancit
341 3668 369 3718 et
386 3664 508 3733 publicat.
543 3668 581 3722 ita
598 3686 639 3724 rae
654 3671 730 3723 docet
747 3670 873 3724 Antonius
885 3671 1036 3726 crsliscr.
1072 3671 1115 3726 alii
1129 3688 1186 3724 eum
1198 3687 1257 3723 esse
1269 3669 1357 3722 volunt

243 3731 288 3798 qui
305 3732 389 3800 legem
407 3737 554 3790 cantoribus
566 3739 638 3808 ponit
650 3744 677 3791 at
689 3739 782 3793 choros
794 3740 872 3808 regit.
908 3741 993 3794 solent
1004 3746 1134 3797 nostrates
1146 3739 1237 3792 musici
1255 3738 1356 3792 elevata

242 3801 419 3871 depressaque
435 3819 511 3859 manu
530 3815 621 3860 cantus
637 3807 736 3861 modum
754 3816 782 3862 et
799 3809 913 3863 ordinem
932 3811 1080 3880 praefigere
1098 3809 1264 3874 cantoribus,
1287 3805 1355 3876 quod

243 3870 355 3924 Graecis
367 3871 458 3926 deesse
472 3875 581 3944 nequit;
598 3877 693 3946 quibus
704 3883 841 3947 praeterea
860 3878 922 3932 iilud
942 3886 983 3932 est
998 3879 1024 3932 in
1041 3894 1105 3942 usu,
1130 3885 1160 3930 ut
1174 3877 1257 3931 variis
1267 3891 1355 3928 manus

242 3937 352 3993 dextrae
370 3942 480 3997 motibus
500 3945 660 4015 diverdsque
676 3946 816 4014 digitorum
834 3954 862 4001 et
875 3949 1040 4003 artimtorum
1051 3945 1296 4004 conformationibus
1308 3962 1355 3996 ve-

240 4005 294 4061 rias
307 4026 400 4062 vocum
417 4009 568 4068 inflexiones
584 4014 612 4067 iu
627 4015 737 4069 omnium
755 4023 895 4087 conspectu
914 4017 1004 4072 meiius
1024 4035 1099 4088 quarn
1116 4016 1230 4088 mqsicae
1253 4013 1355 4068 notulae

241 4075 393 4145 designent,
417 4087 496 4150 atque
513 4083 551 4137 ita
566 4101 617 4136 nou
634 4082 738 4153 scriptis
758 4085 804 4140 sed
824 4101 914 4140 manus
936 4087 1056 4154 nutibus,
1081 4103 1156 4154 quum
1175 4083 1353 4154 χειρονομίαν

242 4144 346 4210 dicunt,
373 4155 462 4204 cantus
480 4151 552 4221 leges
568 4152 603 4206 ob
625 4152 711 4208 oculos
728 4159 835 4224 ponant.
868 4155 917 4208 hos
938 4173 996 4213 oum
1014 4155 1160 4228 Theophila
1180 4155 1353 4225 χειρονομεῖν

243 4213 372 4268 scriberet
389 4215 539 4274 cedrenuse
558 4227 650 4276 auctor
660 4219 793 4294 sopsnodr
803 4228 941 4296 nuncupat.

327 4305 394 4364 ibid.
435 4307 571 4387 Sequitur
590 4306 925 4406 διπρωτοκονὸναρχος,
952 4317 1056 4396 primus
1080 4312 1283 4390 rcaoacrrdur,
1311 4311 1353 4370 in·
