3034 4916
425 309 435 338 t
492 289 538 363 nt
557 274 708 362 tonum
728 291 812 364 cte.
837 287 897 362 VI.
1176 296 1251 370 281
1286 305 1288 309 '

147 456 531 524 mummuuonahntum
574 462 622 538 aut
634 476 720 518 omnes
736 457 852 534 occidit,
873 476 942 519 unco
958 457 1094 524 trahatur.
1138 464 1186 540 qui
1198 479 1253 522 om·

146 564 205 608 mern
223 549 337 605 oetatem
353 545 458 622 occidit,
481 564 550 606 anco
565 544 699 606 trahatur.
743 547 791 624 qui
802 549 1042 624 mtrnnpaesernm
1058 543 1163 624 occidit,
1185 567 1253 606 unco

147 632 284 692 trahatur.
326 633 375 710 qni
389 633 517 709 mngrrini
535 651 583 690 suo
603 650 655 690 non
667 633 801 710 pepercit,
827 649 893 690 unco
911 631 1047 694 trahatur.
1090 635 1140 712 qui
1156 633 1255 713 templa

150 717 296 798 spolianti,
315 733 383 776 nnca
399 715 535 780 halatur.
580 718 628 796 qui
640 721 797 776 testamenta
811 715 924 791 delevit,
945 735 1013 776 unco
1031 717 1163 778 trahatur.
1207 721 1257 796 qui

92 863 97 870 ,
148 803 226 862 oinos
246 798 387 884 spoliauit,
416 821 482 861 unco
508 799 642 862 trahatur.
684 803 766 860 snam
790 803 955 862 servivimus.
998 805 1047 881 qni
1064 807 1156 882 pretia
1181 806 1256 862 oilae

150 889 257 964 eregit,
281 905 349 946 anco
367 886 502 948 trahatur.
545 891 593 966 qni
603 889 693 966 pretia
706 890 780 948 ottae
797 889 888 964 exegit
905 893 930 945 et
942 886 1036 973 pidem
1051 907 1104 948 non
1130 892 1256 961 emacuit,

149 990 218 1032 oneo
236 971 370 1036 trahatur.
412 974 462 1054 qui
476 979 597 1034 senatum
615 971 747 1047 uendidit,
768 992 835 1032 unco
849 971 982 1034 trahatur.
1025 973 1255 1052 puifiliiralsin-

149 1058 184 1120 lit
200 1057 387 1135 hereditatem,
407 1078 475 1118 unco
488 1058 622 1122 trahatur.
662 1059 765 1123 indices
779 1058 812 1118 dc
829 1064 941 1134 sonata,
961 1057 1090 1140 delatores
1108 1057 1255 1134 desonam,

149 1163 283 1204 morum
298 1142 482 1204 tabernatam
502 1144 536 1206 de
552 1149 656 1206 senatu.
697 1149 769 1204 situ
784 1145 918 1211 nohircum
934 1145 1065 1219 tirrruirti,
1087 1147 1174 1204 omnin
1192 1147 1255 1218 scir,

151 1231 229 1288 honos
245 1235 272 1289 et
293 1228 377 1290 malm
398 1233 478 1292 nosti.
519 1233 607 1290 annia
627 1233 696 1307 scir,
728 1233 815 1292 omnia
835 1229 954 1292 omnia.
994 1248 1045 1310 pro
1065 1233 1093 1292 te
1109 1232 1256 1293 nuatum.

151 1335 236 1374 onar
251 1313 347 1394 felices
370 1320 396 1374 te
420 1319 478 1375 uiro
502 1317 656 1394 imperante.
698 1314 730 1374 de
745 1315 886 1396 parricida
905 1313 992 1398 refer,
1020 1314 1109 1396 refer,
1125 1331 1256 1394 pertago:

147 1401 325 1480 praesentiam
340 1404 414 1461 tuam
429 1420 564 1478 rogamur.
605 1405 751 1462 innocenter
767 1401 866 1481 sepulti
883 1421 935 1460 non
946 1405 1023 1462 sant:
1040 1400 1196 1479 parricidae
1206 1419 1256 1458 ca-

150 1485 235 1546 daher
256 1483 393 1546 trahatur.
431 1485 573 1568 parricida
590 1486 712 1570 sepultos·
719 1489 803 1548 eruit:
820 1487 978 1568 parricidae
992 1487 1107 1547 cadoocr
1119 1485 1255 1544 trahatur.

236 1601 341 1678 Similia
365 1603 453 1662 ferme
477 1609 522 1664 est
542 1601 589 1663 iha
609 1597 798 1684 ἐπιφώνησις
820 1605 938 1680 quaein
958 1605 1069 1682 synoda
1091 1604 1145 1664 sub
1166 1601 1254 1662 Mena

150 1688 262 1748 actione
279 1689 321 1749 IV
344 1687 455 1767 legitur.
498 1690 577 1751 mulli
593 1694 660 1750 anni
679 1693 863 1767 imperatoris,
886 1689 966 1752 malti
988 1695 1055 1752 anni
1072 1689 1254 1770 patriarchas.

150 1773 261 1834 Petrum
279 1771 401 1834 Zoaram
419 1778 446 1832 ct
463 1771 590 1834 Severum
607 1773 683 1832 mado
698 1774 905 1834 anathematicum
947 1774 1120 1836 orthadaannr
1138 1780 1256 1854 impera-

150 1865 234 1918 torem
248 1859 343 1917 habea:
372 1857 437 1935 qnid
456 1859 553 1919 times?
594 1878 636 1917 eor
656 1861 705 1936 qui
716 1858 1005 1938 parahaplirantciice
1020 1860 1111 1939 sorar.
1153 1865 1178 1917 et
1195 1877 1255 1920 cnm

150 1943 275 2002 monachi
291 1942 535 2022 Hierosolymorum
555 1949 728 2024 porrexerunt
755 1943 893 2021 chartam,
922 1947 1039 2004 universi
1061 1945 1255 2005 clamaverunt:

150 2029 233 2088 multi
249 2031 315 2087 anni
330 2025 515 2108 patriarchae.
556 2028 672 2089 libellum
692 2029 875 2090 monachornm
896 2028 971 2090 modo
995 2033 1107 2112 smcipe.
1150 2029 1257 2089 tihellus

151 2115 229 2176 modo
245 2113 365 2191 legatur.
405 2132 448 2172 eor
470 2117 518 2193 pai
532 2134 581 2196 per
596 2115 700 2174 domum
725 2115 867 2196 baptizant
888 2117 952 2176 cit'ce
974 2113 1066 2195 saras.
1107 2115 1259 2194 speluncam

151 2201 260 2260 Zooroe
273 2199 348 2258 modo
363 2206 495 2277 torqueas.
536 2199 617 2260 mulli
636 2203 704 2260 anni
719 2202 902 2278 patriarchae,
941 2203 1157 2281 parahaptirtam
1178 2199 1257 2260 modo

150 2286 361 2350 anathematiza.
405 2284 555 2346 Christiani
575 2288 741 2366 inperatoris
764 2287 845 2348 multi
858 2289 933 2346 anni.
976 2287 1115 2348 orthodoxi
1136 2289 1258 2365 impera·

151 2374 218 2431 toris
235 2370 316 2430 malti
330 2373 404 2432 anni.
446 2370 782 2450 speluneaehuereticarnm
792 2372 868 2432 modo
884 2370 987 2432 ardeat.
1030 2373 1193 2451 oincitfidos
1207 2374 1259 2430 ha·

149 2456 289 2538 petitoris.
331 2453 490 2518 orthodoxas
505 2462 616 2534 regnat:
639 2454 703 2536 quid
720 2457 816 2516 times?
858 2455 957 2516 Petrus
973 2474 1056 2534 qnare
1071 2456 1147 2516 halet
1167 2475 1258 2518 mono·

150 2541 254 2602 stertat
295 2560 381 2600 omncs
399 2539 539 2602 haereticos
556 2543 595 2602 ihi
611 2541 697 2602 hahet.
741 2540 869 2604 seuerum
884 2540 995 2601 Petrum
1014 2541 1173 2602 etZoaram
1183 2541 1259 2600 moda

152 2619 361 2689 anathematiza.
377 2629 382 2639 '
407 2629 518 2688 trinitas
533 2633 587 2686 tres
608 2625 831 2688 anathematizat.
873 2623 1016 2686 anathema
1032 2625 1146 2686 Severus
1159 2626 1260 2686 Petrnr

152 2719 179 2772 et
200 2713 317 2774 Zoaras.
362 2710 487 2772 Severum
514 2709 707 2773 Manichaenm
731 2713 807 2796 modo
827 2711 1036 2772 anathematiza.
1078 2715 1163 2774 vincit
1185 2712 1258 2792 fides

155 2799 374 2857 Christianorum.
417 2799 498 2856 multi
518 2801 586 2857 anni
611 2799 793 2878 patriarchae.
834 2800 954 2858 inimicos
973 2795 1075 2858 Christi
1092 2795 1168 2861 modo
1184 2814 1258 2858 ana·

152 2884 307 2944 thematira.
350 2883 492 2942 haereticos
507 2884 802 2944 modoanathematiaa.
845 2884 1088 2947 anathematizatos
1097 2881 1171 2944 modo
1185 2903 1256 2945 ana·

151 2968 307 3029 ihnnaliza.
347 2971 431 3027 vincit
439 2969 513 3048 fides
531 2969 748 3028 Christianorum.

239 3085 279 3144 Et
301 3084 364 3144 Act.
387 3085 423 3162 5,
451 3103 524 3161 quae
546 3093 630 3146 antea
657 3088 688 3146 in
715 3087 839 3167 vulgatis
866 3085 1037 3151 editionibus
1066 3085 1176 3146 solebat
1193 3105 1257 3146 esse

152 3173 258 3252 prima,
285 3177 379 3230 exstat
397 3170 560 3250 longissimu
580 3173 758 3254 acclamatio,
786 3191 843 3249 qua
862 3173 965 3253 partim
985 3173 1060 3231 bona
1077 3172 1205 3251 augeatis
1226 3175 1257 3231 et

154 3257 346 3336 patriarchae,
367 3259 471 3336 partim
490 3258 564 3318 male
584 3261 730 3319 haereticis
752 3259 876 3340 populus
893 3258 1071 3336 imprecatur.
1114 3260 1194 3319 multi
1203 3263 1258 3317 rint

155 3347 224 3404 onni
249 3346 427 3423 imperatoris,
454 3346 536 3404 multi
563 3351 629 3406 anni
652 3346 794 3423 Angustos
819 3349 870 3404 etc.
913 3343 1040 3404 Severum
1066 3341 1259 3406 Monichcenm

153 3433 219 3490 eiicc
238 3435 287 3490 etc.
329 3427 489 3507 effodiantur
509 3449 569 3490 orca
588 3431 809 3492 Manichaeorum
829 3435 880 3492 etc.
924 3427 1050 3490 Serenam
1067 3429 1258 3490 Manichaeum

150 3515 231 3594 forae
258 3517 322 3574 eiice
342 3520 390 3574 stc.
433 3520 482 3594 pai
508 3535 560 3577 non
588 3517 800 3576 anathematizat
830 3514 972 3590 Socerum,
1006 3513 1182 3578 Manichacus
1209 3519 1256 3572 est.

155 3604 220 3660 eiice
233 3599 314 3679 foras
336 3598 471 3678 Severum,
496 3618 591 3660 nouam
612 3600 710 3662 Iudam
731 3605 794 3661 eiice
810 3600 901 3679 foras.
943 3601 1126 3661 insidiatorem
1148 3603 1258 3658 trinita·

155 3691 193 3744 tis
214 3689 278 3746 eiica
289 3683 370 3763 foras
391 3691 440 3745 etc.
483 3687 653 3746 exhumentur
675 3708 734 3746 ossa
748 3685 975 3747 Nestorianorum.
1017 3685 1259 3746 erhunmnturossa

154 3771 437 3851 Eutychianistarum.
479 3776 539 3850 quis
560 3778 598 3831 est
619 3771 817 3833 Nestorianus?
845 3791 894 3848 ego
920 3775 1025 3843 nescim·
1052 3772 1195 3830 anathema
1222 3771 1259 3828 sit

154 3861 211 3938 ipre
229 3877 248 3918 a
269 3859 393 3916 trim'lale
412 3861 462 3918 etc.
504 3855 680 3921 Manichacus
703 3857 875 3922 deecclesia
902 3861 974 3918 citae.
1017 3855 1083 3915 auu
1109 3855 1259 3936 Stephanos

156 3942 316 4002 deecclesia
338 3944 412 4000 eiice.
455 3941 539 4019 paulo
567 3950 635 4024 post
661 3945 691 4006 in
722 3945 821 4004 eadem
846 3943 972 4004 sessione
999 3945 1157 4020 sequuntur
1177 3939 1259 4022 plura

155 4029 238 4088 huius
259 4027 370 4106 generis
389 4027 612 4106 epiphonemata

241 4128 444 4190 Acclamebant
463 4131 548 4189 etiam
569 4130 827 4204 concionatoribus3
858 4131 936 4188 caius
958 4127 1044 4188 marie
1064 4127 1193 4207 exemplo
1215 4127 1258 4186 in-

156 4215 253 4274 venies
273 4217 353 4296 apud
373 4215 404 4274 S.
425 4212 616 4294 Augustiaum
635 4217 653 4276 l.
672 4217 693 4280 4
713 4216 750 4274 de
773 4215 902 4274 doctrina
921 4215 1084 4281 Chaiatiana
1103 4235 1128 4276 c.
1148 4219 1206 4291 26,
1227 4219 1258 4272 et

157 4319 243 4380 saepe
265 4301 295 4361 in
312 4299 450 4362 homiliis.
493 4301 627 4362 hasteriae
646 4301 683 4362 de
701 4300 757 4363 ism
776 4301 986 4362 consuetudine
