3050 4924
595 265 833 334 DEDIGATIO.
1118 313 1124 324 ,
1188 307 1199 328 κ
1221 261 1274 332 vti

168 486 247 528 esses
261 464 453 539 exhibiturns3
475 463 527 523 scd
543 481 627 542 quam
640 465 728 545 probe
746 462 791 523 Te
804 463 899 541 novit,
922 467 981 522 tam
996 464 1151 536 verecunde
1170 463 1201 522 in
1218 463 1271 524 boc

168 570 233 649 ipso
246 586 388 649 purpurae
406 567 484 628 dono
502 586 605 627 novum
628 584 660 626 ac
680 566 840 646 ampliorem
861 566 967 624 fatetur
985 567 1125 645 accepisse
1138 566 1272 646 splendo-

168 688 238 729 rem.
279 668 357 733 illum
370 668 447 728 velut
464 668 627 728 admirantis
641 668 740 728 turbae
753 673 826 727 unus
843 665 934 747 (cuius
949 667 1023 732 enim
1038 667 1161 726 animum
1175 672 1273 727 tantus

168 770 265 848 fulgor
283 789 342 828 non
361 769 484 830 alliceret
496 767 547 829 aut
566 768 761 850 exhilararet),
788 768 917 848 deposito
942 786 1001 827 non
1027 770 1129 830 amisso
1154 772 1274 850 pudore,

168 872 285 932 vicinior
297 871 400 932 intueri
413 891 475 931 sum
494 891 594 950 ausus,
618 889 674 949 quo
697 891 760 932 meo
777 869 867 930 labori
888 875 918 929 et
939 871 1017 949 operi
1035 871 1104 931 lucis
1125 872 1274 952 plurimum

169 972 315 1052 affulgeat
343 974 499 1042 ,levidense
522 975 610 1035 odero
626 971 691 1032 'libi
704 991 821 1050 munus,
842 971 893 1030 sed
906 970 1009 1031 affectu
1021 975 1146 1051 grande3
1166 974 1273 1034 meritis

168 1078 271 1158 impar,
290 1096 388 1138 verum
405 1075 436 1134 in
457 1093 515 1153 quo
528 1075 634 1135 cunctis
653 1093 703 1134 ceu
723 1071 864 1154 congestis
887 1072 916 1132 in
935 1091 1064 1135 acervum
1078 1076 1274 1155 dignitatibus,

169 1184 308 1256 quantum
326 1179 376 1238 illa
387 1176 440 1237 sibi
456 1176 516 1236 iure
530 1177 722 1258 deposcerent,
742 1178 818 1238 bono
831 1177 861 1236 in
877 1174 981 1235 lumine
994 1194 1082 1256 pono,
1121 1177 1175 1237 boc
1185 1178 1273 1256 igitur

169 1279 365 1341 observantiae
378 1281 408 1340 in
420 1278 466 1338 Te
486 1297 564 1340 meae
584 1280 783 1340 monimentum
796 1278 878 1338 veliin
892 1279 1027 1359 excipias,
1052 1285 1083 1339 et
1099 1280 1186 1340 oculis
1206 1283 1270 1358 qui-

169 1382 225 1442 bus
243 1401 337 1442 meum
352 1381 471 1462 rapuisti
489 1381 597 1461 pridem
613 1381 749 1459 animuum
779 1381 900 1460 benigne
920 1382 1034 1461 inspice
1075 1381 1137 1442 vale
1156 1397 1187 1443 et
1206 1385 1270 1443 vive

169 1485 302 1544 ecclesiae
321 1486 360 1545 ad
385 1483 553 1562 utilitatem,
584 1481 690 1540 Galliae
713 1485 751 1542 ad
775 1501 858 1543 omne
875 1503 966 1562 genus
986 1484 1139 1564 felicitatis,
1168 1486 1269 1545 Ordini

148 1633 151 1638 .
168 1591 267 1645 nostro
278 1587 318 1646 ad
330 1591 534 1665 ornamentum,
557 1583 620 1644 Tibi
633 1585 671 1643 ad
684 1585 796 1645 beatam
809 1581 933 1666 gloriam
976 1587 1017 1648 ita
1029 1592 1114 1648 vovet
1129 1588 1270 1651 summissi
1287 1584 1291 1592 ’

166 1706 251 1747 amna

209 1871 385 1936 Eminentiae
409 1871 492 1936 Tuae

231 2475 257 2534 E
270 2480 411 2536 conventu
424 2479 476 2533 tuo
488 2471 637 2533 Parisiensi

164 2595 198 2655 S·
216 2593 321 2657 Mariae
336 2590 529 2657 mmunciatae.

554 2856 557 2864 Δ
787 2791 977 2852 deditissimus
995 2807 1093 2850 servus
1174 2800 1177 2806 '

607 2911 639 2974 F.
670 2908 885 2976 loconus
914 2908 1047 2974 donn
1073 2907 1275 2972 ordl'raedic.
