3034 4916
270 281 345 356 284
430 283 641 352 euersum
651 283 709 356 ΕΤ
723 281 860 356 Gonul
872 281 1205 354 commeruimus

268 471 294 512 ru
358 469 434 527 ιιιιιι,
466 449 595 509 Demetrii
622 445 749 530 Procopii
764 452 791 510 et
808 449 947 528 aaron
966 443 1097 510 Τίισοάοιι·
1111 443 1366 528 (legendmenim

267 536 297 594 in
313 527 607 616 perdiderimus,
627 539 661 592 nt
679 532 785 595 habeut
804 551 862 596 mss
882 529 1014 614 codices)
1056 533 1134 596 uliud
1154 535 1251 596 liutem
1268 532 1365 617 (ίχον)

269 623 302 682 S.
318 623 460 700 Georgium
473 623 593 701 equdem.
636 619 716 680 atiud
729 619 908 692 draconteum,
926 625 952 679 et
965 617 1043 680 uliud
1055 619 1154 682 tabem
1164 627 1306 700 equestrem
1315 625 1367 682 iro·

159 715 180 764 P
200 715 251 769 220
266 710 396 782 peratorir
409 711 536 766 rtotuoou
577 705 650 764 banc
669 723 732 765 esse
750 723 845 764 reram
856 704 1117 785 interpretationem
1131 706 1222 782 quivis
1234 705 1281 767 vel
1295 725 1367 786 pau-

264 791 351 852 lulum
364 797 488 852 mentem
507 790 656 850 advertens
675 789 825 850 fatebitur:
845 807 913 854 nam
928 791 1048 868 primum
1063 789 1239 870 curopalate
1252 811 1366 851 enume-

264 896 327 936 rare
342 877 439 937 volens
455 885 593 953 quaenam·
605 877 664 935 sint
684 875 732 937 illa
749 875 908 954 flammula,
927 876 968 936 ait
984 881 1046 940 root
1063 881 1153 936 autem
1170 877 1249 938 boec:
1265 884 1367 956 postea

263 961 375 1040 singrda
391 967 548 1043 percenset.
585 965 713 1042 primum,
733 960 840 1040 iuquit,
859 966 903 1020 ert
911 962 1140 1039 archistrategos,
1160 979 1220 1022 non
1235 962 1297 1042 fert
1316 983 1367 1024 ur-

265 1048 451 1124 ctr'rtrotegos.
492 1065 586 1124 neque
599 1047 673 1106 enin
686 1045 859 1126 Curopalata
870 1045 958 1106 habet
978 1047 1056 1107 istud
1073 1046 1151 1126 fert,
1174 1048 1227 1108 sed
1249 1051 1366 1127 mimum

262 1141 302 1193 err
321 1134 495 1193 seu-dicitur
515 1133 741 1210 arebbtrutegnr,
763 1152 781 1192 a
799 1132 836 1194 D.
857 1130 1002 1192 Michaelis
1023 1133 1158 1210 imagine,
1179 1149 1254 1210 quaa
1275 1133 1305 1192 in
1317 1133 1366 1194 illo

263 1217 405 1277 flammulo
422 1237 557 1298 expresse
574 1224 604 1278 et
620 1219 720 1278 efficta
761 1217 828 1279 hinc
846 1217 1028 1298 archangelus
1041 1219 1096 1278 toti
1109 1217 1366 1279 flammulonomen

262 1305 358 1381 dedit,
379 1309 413 1362 ut
426 1306 565 1364 diceretur
577 1305 796 1382 οισλίιττοῐορνι.
817 1307 902 1365 'nam
921 1306 952 1366 S.
971 1303 1092 1374 Michael
1113 1304 1366 1382 mchisuatagssa

264 1390 379 1448 Graecis
403 1388 564 1470 appellatur
586 1391 668 1466 quasi
696 1390 826 1470 princeps
850 1390 978 1450 coelectis
1005 1389 1128 1448 militiae.
1179 1391 1222 1452 ita
1247 1396 1366 1450 roratur

266 1473 350 1554 1)ab
365 1473 548 1540 Emmanuele
562 1475 730 1554 imperatore
747 1476 871 1537 Constii.
896 1477 934 1536 ule
956 1475 1060 1534 Feriis:
1082 1473 1233 1555 jutemur,
1260 1475 1365 1555 inquit,

264 1567 343 1618 reatu
363 1559 542 1638 Septembris,
570 1557 617 1623 ὅτι
640 1560 673 1623 ἐν
702 1555 887 1646 adspicite
909 1555 1032 1634 Χάναις
1051 1564 1107 1623 roei
1128 1552 1365 1642 άρχιστρατήγου

266 1642 391 1723 Μιγαήλ
413 1649 521 1721 θαῦμα
539 1645 795 1729 τερατουργείται.Δ
827 1643 863 1726 2)
888 1665 907 1706 a
932 1646 1064 1706 Cedreno
1089 1645 1120 1704 in
1135 1646 1254 1726 imperio
1269 1646 1365 1706 Basilii

262 1729 441 1790 Macedonis:
464 1725 636 1794 ἀνεκαίνισε
651 1729 684 1792 δὲ
703 1727 757 1794 cdo
774 1727 867 1810 μέγαν
883 1731 940 1794 rori
961 1723 1196 1812 ἀρχιστρατήγου
1217 1723 1295 1794 undu
1313 1727 1366 1795 τάν

180 1883 184 1891 ,
260 1814 297 1877 ἐν
312 1816 487 1900 Σωσθενίγι.
529 1813 564 1896 3)
579 1837 597 1876 e
611 1815 713 1877 Niceta
726 1817 865 1878 Chouiate
882 1815 940 1881 1..3
958 1818 995 1876 de
1011 1817 1128 1897 imperio
1141 1816 1232 1876 Irasci
1244 1815 1365 1894 Angeli:

260 1897 457 1964 ἐπισκευάσαι
476 1897 510 1964 δὲ
526 1903 692 1982 βουληθεὶςΙ
707 1901 759 1964 καὶ
777 1899 833 1964 τάν
849 1901 881 1966 er
895 1905 938 1986 cpi
958 1893 1084 1985 άνάπλρο
1102 1897 1181 1964 orde
1202 1907 1259 1964 uod
1278 1899 1365 1983 άρχι-

260 1981 428 2070 στρατήγου
449 1989 513 2048 τῶν
531 1981 597 2050 dium
619 1983 733 2062 τάξεων
755 1979 892 2067 Μιχυήλ.
934 1987 997 2047 eod
1014 1985 1067 2048 lib„
1088 1985 1132 2060 είς
1145 1983 1201 2049 τάν
1213 1986 1364 2070 περιάγν-

260 2092 318 2150 μον
340 2068 419 2133 ντάν
442 2065 676 2154 ἀρχιστρατήγου
696 2075 757 2136 τάν
779 2071 875 2134 θείαν
902 2071 954 2134 καὶ
979 2066 1084 2133 άάλοον
1110 2065 1247 2152 Μιχαήλ.
1287 2073 1363 2133 idem

256 2157 275 2214 l.
295 2160 314 2220 7
338 2157 375 2214 de
389 2157 505 2232 imperio
526 2157 674 2216 Manuelis.
716 2158 838 2234 denique
855 2157 955 2240 eodem
970 2157 1166 2234 archistrategi
1185 2159 1299 2222 nomine
1319 2160 1363 2219 af-

144 2234 148 2243 '
257 2243 355 2300 ficiunt
369 2243 399 2301 S.
419 2240 584 2304 Michaelem
601 2243 702 2302 Graeci
727 2243 775 2319 qui
794 2244 920 2303 encomia
938 2244 968 2322 in
983 2261 1049 2302 eum
1067 2243 1241 2320 scripserunt
1257 2249 1287 2302 et
1310 2245 1363 2302 mi-

256 2327 353 2388 racula
370 2329 406 2388 ab
427 2347 462 2386 eo
478 2333 593 2406 patrata
612 2329 699 2386 literis
714 2325 936 2406 ''consignanmt
978 2328 1080 2386 deinde
1100 2347 1164 2386 cum
1176 2329 1261 2408 signa
1274 2335 1304 2388 et
1314 2349 1362 2388 ve-

255 2412 336 2490 xilla,
366 2433 440 2492 quae
457 2414 632 2494 curopalate
647 2420 863 2494 commemorat,
886 2413 1055 2490 imaginibus
1075 2413 1206 2473 coelitum
1225 2421 1363 2474 exornata

256 2499 375 2577 tuerint,
408 2501 521 2560 omnino
547 2505 662 2578 oportet
680 2506 760 2560 utet
780 2501 901 2578 primum
919 2501 1013 2580 effigie
1028 2497 1124 2576 eliqua
1145 2499 1231 2560 fuerit
1244 2501 1362 2578 insigni·
1412 2505 1416 2522 *

255 2590 331 2644 tum:
352 2591 384 2644 at
403 2586 459 2646 alia
479 2585 644 2662 insignitum
663 2605 720 2646 non
738 2587 796 2646 ruit
816 2604 901 2662 quem
920 2589 975 2647 rori
997 2577 1231 2666 ἀρχιστρατήγου
1246 2586 1361 2646 militiae

255 2670 391 2732 cadesam
435 2673 519 2730 tertio
540 2669 759 2750 archistrategos
776 2690 834 2733 non
854 2675 916 2731 erat
931 2671 1053 2730 officium
1072 2668 1117 2730 rel
1144 2689 1248 2730 nomen
1277 2673 1362 2731 officii

256 2756 336 2830 ardioi
356 2755 400 2814 vel
415 2756 556 2816 militaris:
579 2757 703 2831 alioquin
723 2759 856 2818 omissum
870 2773 937 2816 non
952 2757 1052 2816 fuisset
1072 2755 1127 2816 hoo
1142 2775 1245 2816 miurus
1266 2778 1285 2816 a
1301 2757 1361 2816 Cn-

255 2841 428 2918 ropalatarin
449 2840 594 2918 catalogo:
632 2860 719 2916 quare
736 2861 810 2902 vana
829 2847 874 2900 est
897 2841 944 2901 ille
961 2841 1118 2900 Gelriniani
1132 2847 1215 2900 nota:
1237 2834 1254 2904 ὁ
1274 2836 1361 2924 άρχιη

257 2921 436 3003 στράτηγος,
462 2932 548 3005 putu,
578 2930 697 3004 ραίτριιίι
714 2933 753 2986 est
770 2947 819 3006 per
839 2927 908 2985 r'llud
923 2932 1035 3006 ternpus.
1077 2932 1108 2986 at
1128 2925 1220 2986 nullus
1242 2933 1288 2988 est
1314 2947 1360 2987 ar·

256 3011 444 3088 clristrategus
464 3013 541 3089 apud
559 3011 762 3092 curopalatem
777 3012 832 3073 nisi
849 3010 975 3093 *Michael
993 3011 1186 3091 meheugelus.

323 3177 351 3230 p.
369 3160 403 3214 48
420 3176 446 3213 r.
467 3161 509 3214 1.-
529 3159 648 3214 coelestis
672 3162 853 3232 terrestrisque
876 3161 981 3216 militiae
1004 3161 1057 3216 dux
1083 3161 1227 3230 ducumque
1249 3159 1357 3216 omniurn

253 3227 372 3300 princepe
398 3228 525 3295 Michecl‚
549 3223 766 3300 ἀρχιστράτηγος
786 3233 844 3286 ideo
867 3249 883 3287 a
906 3233 1043 3300 militibus,
1068 3250 1085 3292 a
1107 3231 1184 3299 vulgo
1209 3230 1273 3299 (hoc
1290 3230 1357 3283 enim

125 3302 128 3305 ’
248 3299 309 3352 solo
329 3298 429 3352 nornine
447 3299 594 3368 plebeculae
610 3311 686 3353 notus
703 3303 754 3370 est)
771 3297 920 3372 ταξιάρχας
936 3302 1090 3370 salutatns3·
1104 3301 1177 3354 cuius
1195 3295 1297 3352 nomine
1313 3317 1357 3352 ec·

252 3368 356 3420 clesiam
371 3367 399 3420 ln
416 3369 553 3421 Sosthenio
572 3369 651 3424 ertra
664 3384 751 3424 muros
767 3371 909 3424 dedicatam
929 3387 945 3424 a
969 3370 1154 3436 Constantino,
1180 3369 1252 3422 οιιὶοο
1274 3368 1357 3421 muni·

143 3476 150 3488 s
250 3437 317 3490 mine
334 3437 448 3508 reginem
464 3439 552 3491 urbem
570 3437 604 3490 ab
622 3440 718 3494 insultu
735 3441 901 3494 barbarorum
917 3457 969 3494 non
985 3441 1063 3494 semel
1079 3445 1193 3508 ereptam
1210 3438 1293 3492 rerer
1304 3438 1356 3491 De·

213 3535 218 3546 ·
249 3523 381 3560 amoenus
400 3506 518 3562 studites
532 3507 701 3563 subdiaconus
719 3511 822 3578 vulgari
839 3527 955 3564 sermone
972 3509 1006 3563 de
1025 3509 1080 3562 eius
1094 3507 1237 3563 festivitate
1247 3506 1354 3577 scripto,

212 3633 217 3644 ,
251 3593 326 3644 quem
351 3577 423 3630 velut
446 3575 532 3644 magni
556 3593 588 3630 ac
612 3579 768 3636 celeberrimi
792 3580 821 3632 S.
845 3579 959 3648 Sophiae
984 3585 1036 3632 tem
1055 3578 1073 3630 li
1089 3575 1221 3630 custodem
1238 3575 1354 3646 depinxit

250 3645 407 3700 iustinianus
424 3637 455 3700 ἐν
472 3641 605 3716 προνάῳ,
627 3641 697 3701 καθ’
715 3641 731 3701 ὃ
748 3641 785 3715 δή
804 3642 819 3701 ὁ
837 3643 989 3717 πρώτιστος
1005 3597 1055 3701 eorl
1070 3641 1197 3716 μέγιστος
1218 3645 1276 3699 τῶν
1301 3661 1355 3697 πα-

251 3714 463 3781 ραστατούντων
479 3710 655 3783 ἀρχαγγέλου
671 3717 734 3788 θεῷ
750 3712 864 3804 Μιχαὴλ
880 3711 1051 3785 ἐσπασμένος
1068 3712 1212 3787 ῥομφαίαν
1236 3709 1354 3784 ἐπήλυ-

250 3801 296 3838 corr
310 3784 449 3853 ψηφίδων
464 3783 577 3845 λεπταῖς
592 3779 744 3854 testere,
767 3785 858 3856 φυλαξ
873 3780 1100 3858 προβεβλημένος
1121 3786 1173 3840 τοῦ
1196 3780 1289 3853 tepori,
1313 3783 1354 3835 in·

219 3883 220 3887 =
248 3853 304 3921 quit
320 3854 428 3925 Nicetes
445 3854 471 3908 in
488 3853 581 3908 Alexio
598 3855 630 3915 λι
647 3871 721 3922 quem
738 3872 867 3914 sacrorum
883 3856 1016 3928 praecides
1031 3856 1060 3910 in
1075 3855 1144 3910 sacri
1160 3853 1296 3908 tribunalis
1311 3853 1353 3906 fo·

249 3924 334 3989 ribus,
355 3941 407 3976 non
425 3922 555 3976 eiiciendis
575 3923 621 3979 aed
637 3923 794 3978 advocandis
810 3925 896 3995 potius
912 3925 939 3978 in
957 3925 1102 3996 paradisum
1126 3923 1282 3988 bominibus,
1307 3938 1353 3974 ex·

249 3992 392 4044 cubitorem
410 4009 461 4045 non
477 3990 585 4062 pingunt
602 3991 674 4044 modo
690 3992 736 4046 scd
755 4001 782 4046 et
798 4005 957 4048 venerantur
974 4000 1086 4047 tremunt
1103 3998 1130 4046 et
1146 3999 1300 4062 precantur,
1323 3992 1368 4044 ut.

249 4059 274 4118 in
292 4059 471 4130 Euchologicis
489 4060 679 4122 enarravimusr
695 4079 768 4131 quem
785 4063 895 4133 denique
911 4063 1010 4132 imperii
1028 4063 1190 4116 defensorem
1205 4060 1279 4114 simul
1295 4073 1351 4112 cum

250 4129 374 4182 Gabriele
390 4130 460 4184 secie
478 4127 528 4182 ribi
547 4129 632 4184 datum
649 4137 786 4184 tenuemnt
804 4134 962 4186 Graecorum
979 4132 1121 4203 principes,
1138 4130 1198 4194 ubi,
1215 4134 1294 4198 prout
1305 4143 1352 4180 au·

249 4204 307 4250 etur
325 4204 413 4253 noster
429 4198 512 4252 innuit
532 4216 555 4252 o.
574 4200 606 4266 4,
625 4204 652 4254 et
668 4201 840 4256 Dnmmceaus
857 4203 949 4256 citatur
965 4202 1120 4272 profitetur,
1136 4198 1271 4268 imaginem
1282 4211 1352 4250 suem

250 4266 310 4322 hinc
332 4266 431 4338 indeo
456 4267 538 4324 meris
561 4268 619 4324 istis
641 4268 741 4328 duobus
764 4271 903 4329 anurnio
926 4271 1047 4344 stipatam
1073 4285 1222 4326 concarata
1246 4273 1352 4340 ροιλιιιι·
