2968 4924
209 346 211 351 ’
277 341 328 416 οι
590 291 743 412 conuu
764 338 1061 409 cunorsnamn

277 507 331 582 έδν
345 515 402 600 μέν
417 503 472 580 οάν
483 516 534 580 κοιλ
550 511 567 581 ὃ
580 513 674 601 μέγας
687 512 865 598 δομέστοιος
880 511 989 601 στέρξῃ
1002 517 1111 593 τοῦτο,
1136 509 1198 598 ἤδη
1213 507 1325 578 καλόν·
1351 515 1377 580 εἰ

237 634 262 693 Β
278 621 312 686 δέ
328 615 390 703 μή,
418 615 497 683 ἔνθα
509 616 548 683 ἀν
563 609 652 696 οὗτος
666 618 813 704 διακρίνοι
819 609 838 697 ,’
856 615 1100 705 στρατοπεδεύει.
1150 619 1202 683 καί
1216 611 1264 682 ὅτι
1277 611 1378 695 obitu

276 722 336 810 πρδ
352 729 407 788 τοῦ
421 719 475 788 τόν
488 721 777 806 μέγανδομέστικον
792 717 847 786 ivi·
856 717 975 812 ἑκάστῳ
997 717 1169 810 φλαμοόλιρ
1189 719 1243 786 τόν
1257 717 1376 810 προσή-

275 851 374 894 κοντα,
382 827 490 891 δοῦναι
504 823 597 892 τόπον
609 821 732 905 πεζεόει.

377 961 451 1052 Πρδ
464 967 522 1028 τοῦ
534 963 673 1042 πεζεῦσαι
695 961 730 1043 τὸ
752 953 908 1048 φασσότον
929 953 1136 1048 ἀπερχόμενος
1151 952 1173 1025 Ιὁ
1194 961 1249 1043 τῆς
1267 958 1396 1042 βίγληςᾶ

274 1065 370 1152 μέγας
385 1062 584 1154 δροιηηάριος
596 1065 763 1149 καθίστησι
776 1061 811 1129 τό
827 1059 986 1148 λεγόμενον
998 1059 1221 1150 ἧμιροβίγλιον,
1238 1057 1281 1140 ὥς
1289 1062 1374 1149 παρὰ

273 1175 330 1236 toi
341 1167 476 1256 μεγάλου
492 1169 670 1252 δομεστίιιοο
686 1161 900 1256 προσετάχθη
944 1167 996 1232 καλ
1017 1165 1047 1230 oi
1063 1167 1120 1250 μέν
1141 1163 1259 1252 ἡμέρας
1272 1166 1375 1251 βιηλί-

273 1297 377 1350 σοντες
393 1259 575 1359 ἀπέρχονται
590 1274 633 1349 εἰς
645 1271 701 1356 τὴν
716 1273 823 1356 βίγλαν
838 1266 948 1336 αότίκα
968 1269 1174 1356 (ἀπέρχεσθαι
1191 1270 1225 1336 δὲ
1241 1265 1376 1354 σόνηθές

273 1377 337 1444 ἐστι
359 1372 516 1465 φοσσότον
530 1375 665 1462 ἐλαφρὸν
679 1374 731 1440 διὰ
746 1372 781 1440 τό
799 1368 873 1452 τόξα
888 1375 991 1462 φέρειν
1008 1372 1136 1452 αάτοός·
1162 1373 1198 1440 oi*
1209 1374 1262 1439 καί
1278 1373 1375 1443 οὖδα-

230 1492 255 1548 0
271 1485 340 1563 μῶς
355 1478 434 1546 κατά
448 1478 504 1562 τὴν
520 1476 614 1544 νόιιτα
626 1476 814 1563 βηλίζοοσι)
822 1525 833 1557 ,
858 1477 936 1564 πρὸς
946 1478 986 1543 δέ
1003 1476 1075 1556 τοδς
1089 1476 1181 1544 αὐτόν
1197 1476 1250 1543 τόν
1265 1476 1373 1566 καιρόν
1381 1485 1409 1539 10

270 1589 327 1667 τῆς
340 1583 447 1660 νυκτὸς
458 1584 651 1667 βιγλίσοντας
665 1576 870 1671 ἀπερχόμενος
883 1573 972 1658 οὗτος
984 1582 1022 1666 δὴ
1037 1573 1160 1668 ὅμέγας
1172 1577 1375 1670 δροοχγόριος

270 1686 331 1773 πρὸ
351 1691 407 1770 τῆς
427 1692 483 1752 tori
504 1688 635 1752 δειλινοό
655 1684 739 1772 ὥρας
761 1685 838 1771 λέγει
857 1680 955 1764 οὕτως
971 1683 1140 1773 αάρχοντες
1156 1682 1373 1770 ἓτοιμόσθητε,

270 1785 464 1874 δειπνήσατε,
490 1792 542 1856 καὶ
557 1787 627 1856 δότε
642 1789 760 1878 τροφὴν
773 1798 837 1868 τοῖς
849 1787 987 1866 iuncte?
1009 1847 1015 1852 ,
1035 1791 1088 1855 καὶ
1104 1787 1179 1856 ὅταν
1192 1785 1209 1854 ὃ
1224 1787 1374 1876 τεταγμέ-

268 1919 322 1971 νος
341 1895 394 1959 soi
414 1893 537 1980 πρέπων
557 1900 613 1978 τῆς
630 1895 738 1979 βίγλης
757 1890 842 1980 ἔλθῃ
855 1889 979 1981 καιρός,
1004 1890 1144 1975 ἒκβόλλει
1165 1888 1293 1970 τούτους
1315 1899 1372 1989 τοῦ

268 1996 486 2084 στρατοπέδου.
537 1994 640 2062 ἔπειτα
651 2000 679 2063 εί
688 1998 745 2081 μέν
758 1993 779 2061 ὃ·
791 1997 886 2084 μέγας
902 1997 1079 2079 δομέστικος
1095 1994 1229 2084 ἐθελήσῃ
1237 2045 1249 2076 ,
1275 1996 1372 2083 ἀπέρ-
1379 2003 1418 2057 15-

261 2124 351 2184 χεται
372 2101 425 2188 καὶ
442 2103 547 2184 ἵστησι
567 2098 694 2178 ταότοος
717 2101 761 2166 δι’
788 2097 917 2180 ἕαοτοῦ,
942 2097 1019 2167 ὅπου
1042 2099 1081 2166 ἀν
1103 2102 1268 2188 διακρίνοι·
1295 2103 1322 2166 εἰ
1338 2100 1371 2165 δέ

264 2201 329 2286 μή,
355 2201 521 2288 ἀνατίθησι
542 2210 588 2292 τῷ
601 2201 725 2294 μεγάλη)
745 2204 937 2294 δροοηηαρίηι
960 2204 995 2269 τὸ
1017 2206 1085 2294 περὶ
1109 2203 1239 2284 τοότοδ,
1255 2201 1302 2282 ,ἀς
1316 2206 1371 2269 καὶ

181 2390 183 2398 y
264 2303 603 2395 trapezontensis?
626 2307 732 2375 αὐτοῦ.
781 2307 894 2396 ὀφείλει
914 2307 948 2372 δέ
966 2299 1058 2400 οὗτος
1077 2309 1269 2396 ἀπέρχεσθαι
1290 2307 1371 2393 πρδς

263 2409 320 2493 τὴν
341 2411 499 2498 εἰρημένην
512 2419 566 2496 τῆς
582 2412 690 2488 νοιιτδς
703 2412 813 2495 βίχλαν
829 2413 880 2477 καί
894 2412 1043 2500 ἐπιτηρεῖν
1057 2414 1109 2478 καὶ
1123 2406 1291 2500 ἀνακρίνειν
1308 2411 1370 2476 αδ-

222 2525 247 2579 Ι)
263 2510 329 2598 τήν.
352 2557 354 2562 -
379 2516 431 2578 καὶ
446 2517 473 2578 εί
485 2516 541 2597 μέν
558 2514 647 2601 έγηιός
666 2515 730 2582 ἔστι
744 2517 906 2598 πολεμίων,
931 2514 989 2600 οάχ
1009 2512 1092 2593 ἅπαξ
1104 2514 1200 2600 μόνον
1216 2515 1297 2582 ἀλλὰ
1313 2515 1405 2582 καὶῖθ

185 2682 188 2687 .
264 2619 325 2694 δίς·
342 2620 379 2682 ,εἷ
392 2620 411 2682 δ
415 2619 425 2643 ²
444 2617 573 2698 ἀνέσεως
589 2619 634 2704 είη
649 2617 756 2708 καιρός
755 2665 771 2699 ,
796 2617 879 2698 ἅπαξ
894 2605 983 2685 τοῦτο
998 2628 1087 2685 ποιεῖ.
1122 2669 1141 2700 ,1

331 2831 364 2884 11
382 2823 414 2882 δὲ
431 2827 509 2902 vulgo
612 2830 648 2885 ΞΟ
664 2824 772 2893 αάτοός
789 2829 836 2898 alii

259 3016 382 3072 tentoriis
399 3017 511 3089 figendis
530 3016 688 3072 iudicaverit
703 3017 799 3072 locum.
816 3007 937 3087 eiigitur
953 3034 1063 3088 magnus
1080 3035 1186 3090 quoque
1204 3015 1363 3072 domesticus

259 3088 344 3142 locum
360 3089 504 3158 approbet,
528 3090 597 3141 bene
614 3087 710 3141 habet:
734 3087 777 3140 ain
793 3087 893 3156 minus,
919 3098 1005 3142 castra
1020 3088 1141 3142 locantui·
1157 3087 1204 3141 ubi
1220 3087 1280 3158 ipse
1298 3105 1362 3140 cen-

258 3158 357 3223 suerit3
388 3166 416 3210 et
432 3157 516 3211 nuilus
533 3157 586 3209 iter
602 3155 653 3224 init
667 3164 807 3226 antequam
824 3174 933 3226 magnus
950 3159 1108 3212 domesticus
1125 3157 1267 3227 unicuique
1285 3157 1362 3214 flan-

257 3227 326 3280 muio
343 3227 542 3282 convenientem
558 3226 642 3278 locum
660 3225 788 3294 assignet.
1051 3255 1052 3263 ι

275 3323 278 3332 ⁴
325 3329 482 3399 Priusquam
507 3328 640 3382 exercitus
656 3329 687 3382 -in
711 3329 779 3383 viam
805 3347 835 3382 se
861 3329 924 3398 dat,
948 3347 1056 3399 magnus
1075 3329 1233 3398 drungarius
1252 3329 1363 3400 vigiliae

257 3398 395 3452 constituit
411 3401 519 3454 diurnas
536 3397 642 3466 vigilias
649 3411 663 3462 ‚¹
682 3406 762 3469 prout
784 3416 800 3451 a
823 3417 917 3466 magno
933 3400 1077 3454 domestico
1095 3401 1242 3453 ordinatum
1260 3410 1318 3466 est;
1334 3408 1363 3453 et

256 3469 304 3537 qui
319 3469 436 3524 interdiu
453 3469 572 3537 vigilant,
599 3469 688 3521 stetim
706 3469 786 3521 seed
804 3468 921 3537 vigiliam
939 3471 1091 3531 conferunt„
1122 3469 1202 3521 moris
1218 3479 1305 3522 autem
1321 3479 1362 3523 est

256 3544 286 3592 ut
302 3539 435 3592 exercitus
452 3537 528 3606 ieris,
547 3538 597 3590 hoo
613 3545 655 3590 est
671 3537 766 3592 milites
782 3537 850 3592 levis
868 3545 1023 3605 armaturae,
1040 3538 1089 3592 has
1108 3539 1234 3592 excubias
1253 3541 1360 3608 obeant,

255 3623 288 3659 eo
306 3607 377 3676 quod
393 3623 470 3660 arcus
487 3608 591 3672 ierant;
609 3606 654 3676 qui
672 3607 782 3661 etima
799 3608 934 3662 nocturnis
949 3608 1067 3662 excubiis
1079 3606 1185 3678 semper
1197 3615 1261 3662 sunt
1272 3608 1360 3663 liberi.

254 3675 289 3730 ad
306 3675 367 3730 ilios
380 3694 445 3730 vero
463 3677 510 3746 qui
527 3686 668 3729 nocturnas
686 3677 793 3746 vigilias
809 3677 894 3731 acturi
919 3685 995 3766 suntz
1019 3678 1112 3731 obiens
1138 3684 1200 3730 auto
1225 3678 1360 3747 vesperti-

254 3763 314 3798 num
332 3753 435 3815 tempus
452 3763 561 3816 magnus
578 3746 736 3816 drungarius
753 3747 793 3800 sic
810 3765 855 3800 eos
877 3747 973 3800 affatur
996 3743 1140 3817 ‘procerem
1158 3749 1247 3817 parati
1264 3753 1358 3816 estote,

253 3818 373 3883 coenato,
402 3821 429 3870 et
446 3817 508 3868 date
526 3815 647 3884 pabulum
665 3810 773 3886 equis;”
793 3831 903 3885 cumque
923 3815 1088 3887 praefinitum
1106 3816 1274 3870 excubiarum
1289 3824 1358 3871 tem-

272 3900 303 3938 us
321 3884 439 3952 advenit,
458 3885 555 3939 emittit
571 3884 631 3939 ilios
649 3905 682 3939 ex
700 3886 805 3942 castris.
841 3885 946 3952 deinde,
963 3887 988 3938 si
1003 3903 1111 3956 magnus
1129 3886 1288 3940 domesticus
1306 3903 1357 3940 ro-

252 3902 305 4022 iet,
325 3952 396 4023 abit,
414 3955 544 4027 etrcuivis
560 3954 659 4024 locum,
678 3955 722 4010 ubi
740 3953 885 4009 consultum
903 3955 1075 4025 iudicaverit,
1098 3955 1212 4040 ipsemet
1229 3956 1355 4025 assignat.

251 4021 294 4076 sin
311 4021 405 4090 minus,
423 4023 491 4078 hanc
508 4041 597 4096 curam*
613 4025 751 4080 committit
768 4042 862 4094 magno
881 4025 1032 4094 drungario,
1052 4026 1098 4096 qui
1114 4043 1143 4078 nr
1160 4026 1257 4080 haere
1274 4025 1356 4096 perfi-

251 4091 346 4145 cienda
367 4091 424 4146 eius
450 4095 570 4150 minister
596 4104 638 4148 est
662 4103 689 4149 et
712 4094 839 4150 vicarius.
872 4095 952 4148 debet
974 4102 1061 4149 autem
1085 4097 1138 4150 iste
1156 4096 1189 4149 ad
1205 4095 1356 4165 praedictus

250 4170 393 4215 nocturnas
407 4165 534 4220 excubias
549 4183 609 4219 sese
623 4165 754 4232 conferre,
772 4181 870 4234 easque
886 4165 1029 4218 observare
1044 4169 1072 4218 et
1089 4181 1150 4220 num
1167 4171 1241 4218 recte
1259 4183 1289 4218 se
1307 4166 1354 4217 ba-

251 4232 332 4286 beant
347 4231 476 4292 indioaro.
513 4242 541 4288 et
556 4234 686 4306 siquidem
703 4234 841 4306 proposit
858 4233 957 4303 hostis,
979 4252 1032 4289 non
1049 4241 1150 4290 tantum
1167 4234 1247 4288 semei
1263 4235 1355 4288 sedet

249 4297 360 4424 bislhfm
377 4301 467 4358 iacere
483 4313 606 4378 oportet·
635 4303 741 4358 sivero
760 4302 797 4358 sit
813 4309 914 4376 tempus
932 4303 1029 4376 quietis
1047 4311 1076 4360 et
1096 4303 1284 4374 relaxationis,
1310 4321 1354 4358 se-

250 4385 291 4424 me
330 4372 392 4426 scit.
