3034 4916
318 338 321 349 ·
383 275 384 279 ⁸
494 319 540 389 m
560 317 709 388 conun
728 320 812 388 cm.
830 315 906 388 vn.
1187 320 1262 394 τοο

150 503 216 554 ,εντα
230 503 316 547 σταται
329 485 469 546 tortorum
482 505 516 548 αα
529 484 631 550 Locros
641 490 721 568 pron
739 492 766 546 et
788 486 891 546 (ἕτερον
911 479 1013 567 ἅγιος,
1037 487 1191 568 ιίςιαζμαοτε
1205 507 1261 568 ρα-

161 593 219 634 nem
242 571 459 632 αιατετόολιλνατ
480 579 673 646 consecratum
693 576 751 632 etur
770 590 847 634 αιαια
869 591 887 631 n
909 571 998 632 Gallio
1017 574 1195 633 tnGrneciuvu
1207 578 1262 634 ιἀι-

157 664 293 738 portatum
307 677 376 716 erre:
395 657 613 718 (λαλίστατοι-τοῦτ
623 677 798 736 ramponem
809 677 828 716 α
841 657 1018 716 cacerdotibus
1031 662 1191 734 consecrari,
1214 679 1263 718 ια-

160 748 206 802 tur
215 743 311 823 sturio
325 742 466 818 diligoder
486 750 629 803 asservent.
671 744 770 802 endem
784 742 871 820 ferme
886 741 1043 818 Meursins,
1063 743 1163 802 saltem
1184 745 1263 820 quod

161 828 450 904 adconsecrutionem
470 829 593 906 attinet,
622 829 670 905 qui
689 829 757 886 dicit
767 830 919 906 panagium
938 847 992 885 ecre
1011 847 1105 904 panem
1129 849 1264 888 consecra·

162 917 219 973 tum
240 933 259 972 α
278 911 464 972 cacerdotibus.
514 916 655 973 crederem
674 911 744 972 haec
763 931 830 974 vera
851 931 931 989 esse,
957 911 1011 970 nisi
1029 911 1083 989 ipsi
1102 911 1202 972 Graeci
1226 913 1263 974 ab

161 1017 280 1058 assensu
296 1017 342 1056 me
355 997 546 1077 prohiberent.
587 1005 633 1058 est
658 999 732 1058 enim
748 1002 872 1077 μακαρία
893 1017 947 1056 vox
970 997 1078 1059 Graeco
1100 999 1164 1058 ad.
1178 997 1264 1076 virgi-

153 1085 207 1144 nis
221 1083 346 1162 epitheto
361 1083 397 1141 ob
411 1085 546 1143 visionem
559 1086 700 1162 quandam
715 1083 847 1142 divinitus
862 1081 985 1141 oblatam
998 1083 1036 1140 ad
1054 1101 1156 1161 panem
1171 1088 1270 1142 tvans-

153 1170 240 1242 ·lata·,
260 1188 312 1228 nec
326 1176 504 1228 consecratur
514 1174 639 1248 portagio
658 1169 901 1246 asacerdotibus,
932 1168 983 1228 sed
1003 1167 1057 1226 alis
1081 1169 1203 1243 quodam
1218 1187 1265 1228 rs-

163 1256 242 1313 tione
256 1254 382 1314 caelestis
394 1253 595 1316 benedictionis
609 1255 693 1336 plens
707 1272 770 1314 esse
784 1255 921 1326 creditur3
942 1271 994 1312 nec
1008 1273 1025 1312 n
1038 1253 1127 1312 Gallis
1140 1254 1217 1312 venit
1227 1254 1266 1314 od

164 1339 300 1419 Graecos,
313 1338 365 1400 sed
381 1340 417 1398 ab
430 1342 575 1419 apostolis.
595 1360 666 1417 quoe
680 1341 774 1400 omnia
789 1359 824 1399 ex
837 1340 1009 1398 Graecorum
1021 1337 1177 1416 Horologio
1191 1337 1267 1398 clara

163 1431 326 1534 testataque
338 1425 426 1504 fiunt,
448 1427 496 1486 ubi
509 1427 580 1486 haec
594 1429 631 1486 de
641 1428 774 1530 panagia
776 1423 932 1502 habentur,
953 1425 1077 1534 proefixo
1095 1425 1146 1483 toli
1166 1425 1265 1484 titulo:

163 1511 235 1592 περὶ
254 1513 310 1615 τοῖς
329 1505 482 1589 ῦψοόσεοις
501 1517 557 1591 τῆς
569 1506 774 1618 παναγίας,”
758 1535 839 1584 οπως
852 1509 999 1616 γέγονε,
992 1531 1043 1572 παι
1032 1506 1109 1571 ’όιοί
1123 1509 1162 1575 τί.
1191 1504 1264 1590 μεταλ

163 1619 221 1674 την
240 1600 296 1658 τοῦ
313 1601 446 1706 σριτηρος
470 1595 560 1698 η’μοῦν
584 1591 683 1697 Ἰησοῦ
711 1599 844 1679 Χριστοῦ
857 1589 1020 1703 φρικτόν
1028 1589 1190 1656 α’νάστασιν
1214 1593 1267 1658 καλ

162 1675 221 1760 την
240 1683 296 1746 τοῦ
295 1679 407 1784 α’γίορ
437 1675 613 1786 πνεύματος
632 1677 787 1751 κάθοδον,
817 1680 867 1742 καὶ
892 1681 947 1752 ἕως
964 1683 1020 1742 τοῦ
1021 1683 1185 1784 μερισμοῦ
1204 1683 1266 1747 τῶν

164 1765 259 1844 άγίοιν
283 1758 459 1828 οίποστόλοιν
470 1761 566 1827 6r6⁸
534 1789 567 1827 το
575 1789 728 1874 κηρυγμα,
745 1757 832 1868 ἦσαν
841 1760 950 1837 πάντες
966 1788 996 1827 οι
987 1757 1205 1828 ἆπόσταλοι’
1188 1789 1263 1844 ομο·

163 1844 328 1927 θνμαόόν,
348 1847 401 1911 καὶ
422 1845 495 1929 μεταλ
515 1846 573 1932 την
596 1845 688 1954 66666
708 1848 741 1912 ἐν
755 1855 796 1934 τῷ
813 1843 924 1950 άρίρτςο
939 1841 1218 1928 άνακεκλιμίνοι,’
1198 1874 1262 1927 αφ·

165 1932 259 2008 ιὲντες
295 1929 386 1999 στενόν
411 1931 520 2007 τόπον,
552 1930 700 2041 ἐντούτῳ
717 1913 961 2044 προσκεφάλαιον
978 1934 1117 1997 ἐτίθεσαν
1138 1933 1226 1996 καλὲ
1211 1931 1264 1997 ἐπί

162 2043 206 2103 'rgo
195 2021 447 2126 προσκεφαλαίῳ
462 2023 564 2126 τμῆμα
577 2017 688 2124 όίρτου,
678 1998 739 2096 ,ἐξ
755 2045 790 2084 ον
779 2013 916 2099 ἤσθιον
931 2019 973 2093 είς
987 2025 1097 2122 μοῖραν
1113 2023 1262 2098 Χριστοῦ·

164 2127 239 2186 μετα
231 2098 342 2165 ’δὲ
306 2127 340 2168 το
359 2100 482 2185 όριστον
504 2100 696 2214 άνισταρενοι
716 2105 769 2170 καλ
789 2101 1033 2188 εόηαριστοῦντες
1047 2098 1262 2186 ἐλάμβανον
1229 2127 1264 2169 το

163 2194 268 2296 τμῆρα
284 2193 340 2252 τοῦ
359 2186 469 2275 όρτοα,
490 2186 510 2255 6
532 2189 626 2266 εἶς’
589 2215 647 2274 την
656 2215 710 2254 τοο
699 2193 842 2300 κυρίαν
842 2189 1013 2296 ίπικίπλητο
1025 2199 1153 2296 μοῖραν
1173 2195 1265 2254 τοῦτο

166 2272 241 2338 66⁸
220 2279 373 2352 αηοῦντες
393 2275 494 2384 ἔλεγον
511 2273 602 2354 “otro
623 2295 669 2340 σοι
689 2275 708 2340 6
727 2273 842 2352 θεός’
815 2281 925 2382 ημιῦν,
943 2269 1016 2350 δόξα
1032 2295 1094 2348 σοι,
1118 2269 1191 2350 δόξα
1207 2298 1266 2338 πα·

164 2358 214 2438 τρί
228 2357 363 2466 παλαιῷ
375 2384 426 2422 και
415 2359 519 2470 ’άγίῳ
536 2355 711 2468 πνεῦματόζ
729 2359 782 2424 καί
804 2355 871 2424 άντλ
890 2363 947 2422 τοῦ
966 2358 1040 2465 μέγα
1056 2358 1090 2422 τό
1105 2357 1213 2466 όνρμα,
1234 2353 1268 2424 τό

166 2438 339 2552 Χριστός’
319 2469 357 2508 αν
360 2443 444 2549 ἔστη,
466 2445 523 2522 ἕως
539 2451 593 2526 τῆς
614 2439 808 2524 οίναληψεως.
855 2443 951 2508 ἔκτοτε
971 2440 1004 2508 δὲ
1026 2443 1100 2527 μέγα
1119 2441 1152 2508 τό
1169 2442 1267 2524 όναμν

166 2535 222 2606 τῆς
247 2528 336 2610 άρίας
354 2529 484 2636 τριάδος.
525 2527 613 2614 πόρια
626 2527 725 2609 Ἰησοῦ
742 2527 852 2612 Χριστὲ
871 2527 980 2611 βοήθει
998 2554 1059 2607 μοι.
1102 2529 1154 2592 και
1172 2535 1267 2592 ταῦτα

168 2613 224 2696 μὲν
242 2611 422 2679 ίτελεῖτο”
383 2639 492 2690 ουτως,
519 2617 615 2681 ἐποίει
639 2614 672 2679 δὲ
700 2620 789 2680 τοῦτο
804 2614 961 2722 Μίκαστος
964 2610 1063 2676 αῦτῦν
1089 2613 1166 2676 ἔνθα
1186 2615 1268 2721 ἔτυχε

168 2699 252 2781 μέχρι
269 2705 324 2780 τῆς
343 2697 511 2782 κοιμήσεως
530 2707 597 2805 τῆς
600 2695 759 2766 θεοτόπον.
803 2695 852 2764 ότε
872 2697 905 2764 δὲ
923 2693 1179 2800 τηνπργτιόσμιον
1195 2696 1268 2764 σῦν
1358 2698 1362 2702 ’

155 2783 162 2858 j
168 2788 238 2860 αξιν
266 2783 317 2848 διά
344 2791 479 2865 νεφελῦν
491 2781 690 2889 ἐποιήσαντο
716 2783 767 2851 διά
787 2782 846 2868 τὴν
863 2791 917 2866 της
936 2779 1084 2892 θερτόπον
1108 2787 1269 2866 δεσποίνης

167 2867 360 2978 μετάστασιν,
381 2869 417 2934 τά
439 2865 536 2936 εἰκότα
551 2872 720 2947 τελέσαντες
736 2869 884 2976 μεταίτην
903 2895 1007 2950 ταφην
1031 2865 1139 2978 πάρης,
1162 2873 1269 2951 δηλον

81 2991 85 2998 ,
169 2951 217 3020 ότι
235 2961 275 3042 τῇ
277 2959 377 3062 τρίτη
392 2955 506 3064 η’ριὲρα,
524 2959 722 3040 παραμυθίαν
737 2953 916 3038 ποιούμενοι
930 2956 982 3019 καί
1000 2952 1074 3036 μετά
1095 2954 1128 3018 τό
1143 2953 1267 3039 όίρτστον
1282 2961 1306 3016 Ρ
1322 2963 1376 3020 225

169 3035 369 3150 άναστοίρτες,
389 3041 423 3106 τό
446 3049 562 3150 τμῆμα
568 3049 623 3107 τοῦ
645 3041 737 3126 όίρτον
753 3067 806 3106 τον
794 3039 892 3117 εἶς’
876 3065 971 3149 ονομα
982 3041 1121 3122 πειμένον
1135 3047 1269 3145 Χριστοῦ
1336 3113 1341 3121 ,

168 3123 245 3190 κατά
263 3123 297 3190 τό
325 3123 472 3232 είροθὲς’
452 3123 684 3209 ανοψοόσαντες,
698 3125 818 3192 '⁸666
785 3153 819 3192 το
844 3123 959 3232 μέγα
928 3152 961 3191 το
976 3123 1072 3208 ὄνομα
1086 3122 1268 3234 προσειπόν-

106 3228 113 3238 ”
168 3236 233 3291 τες,
256 3201 283 3275 6
301 3210 459 3293 θαύματος
478 3211 711 3324 παρρδόξον,’
688 3239 709 3296 η
732 3210 823 3296 νεκρά
842 3209 942 3296 όόσπερ
959 3214 1057 3288 ζῦσα,
1089 3236 1160 3292 μετα
1153 3208 1269 3288 ’νεφέ-

168 3304 224 3377 λης
248 3297 302 3361 καὶ
328 3305 510 3377 φωτοποιῦν
528 3295 662 3408 ρι’ργόλοον
686 3298 929 3410 παρισταμέναρν
946 3290 1039 3400 αρ’τῇ,
1070 3296 1119 3360 ἐπί
1128 3303 1179 3400 τῷ
1200 3294 1268 3406 άὲρτ

168 3383 375 3462 ἐπιφαίνεται,
399 3379 545 3465 “zoloas’'
564 3383 751 3466 λέγουσα,“
752 3380 799 3446 ότι
824 3380 893 3489 μεθ’
907 3381 995 3458 ῦμοῦν
1017 3380 1076 3463 είμλ
1093 3377 1192 3458 πάσας
1202 3380 1268 3458 τάς

167 3464 306 3549 ἦμέραςῖ
326 3476 414 3533 τοῦτο
434 3471 467 3534 ἔτι
491 3495 544 3534 τον
532 3471 636 3534 ”οίοῦ
656 3467 691 3534 τό
710 3463 875 3550 ηαροποιόν
894 3462 999 3543 αῦτοῖς
1019 3468 1205 3532 turonorum
1239 3470 1272 3532 ot

168 3553 203 3620 δὲ
223 3555 359 3636 μαθηταί
384 3560 441 3618 τοῦ
468 3551 628 3635 θαῦματος
653 3553 881 3660 ἐκπλαγέντες,
892 3549 960 3616 όντλ
983 3559 1038 3616 τοῦ
1062 3547 1149 3637 κόριε
1172 3547 1271 3634 Ἰησοῦ

168 3638 280 3746 Χριστὲ
292 3639 441 3745 “τταναγίρι
462 3639 590 3706 θεοτότιε
615 3635 770 3720 βοήθει’
747 3633 838 3720 ημῖν”
852 3633 1100 3746 άνεττρρόγασαν
1145 3633 1208 3716 εἶτα
1228 3641 1272 3723 τῷ

168 3722 258 3808 τάφῳ
278 3721 511 3830 προσελθόντες,
543 3725 595 3790 καλ
615 3749 655 3827 ρη
672 3721 810 3806 εῦρόντες
826 3720 860 3787 τό
882 3720 1034 3830 πανάγιον
1055 3718 1163 3832 ριῦτῆς
1175 3701 1270 3828 σῦμά,

169 3811 356 3890 ἐπείσθησαν
379 3804 540 3916 άληθιῦς“
521 3835 568 3874 οτι
590 3806 748 3891 σόσσωμος
766 3813 843 3884 ζῶσα
862 3807 1022 3915 τριήμερος
1039 3807 1081 3882 σός
1096 3807 1115 3872 ό
1128 3805 1195 3882 νίός
1214 3801 1273 3870 αῦ-

168 3900 226 3976 τῆς
248 3895 281 3960 ἐκ
302 3897 417 3971 νεκράν
438 3889 591 3960 άνοιστῦσα
611 3895 663 3960 παι
681 3900 847 4002 μεταστᾶσα
867 3897 910 3970 είς
928 3888 1082 3996 οῦρανοῦς
1108 3892 1273 3996 μεταβόβη·

169 4005 238 4060 τεν,
260 3977 317 4044 σῦν
339 3985 459 4062 Χριστῷ
476 3975 1009 4060 βασιλεῦονσαείςτοῦςαίιῦναςτῦν
1024 3972 1199 4052 αίάνων,’
1180 3973 1274 4059 αμην

257 4067 301 4126 Ex
319 4067 363 4124 his
379 4065 469 4124 iucem
484 4067 552 4126 dare
570 4067 663 4126 licebit
680 4067 880 4152 Cnropalatue‚
901 4083 964 4124 cum
987 4065 1125 4144 explicent
1141 4067 1275 4142 quidnam

167 4157 292 4234 μακαρία
321 4152 420 4227 suerit,
449 4152 525 4210 unde
551 4151 606 4212 hoc
628 4171 730 4212 nomen
756 4147 911 4232 acceperit,
941 4151 1084 4238 quomodo
1110 4153 1224 4211 exaltari
1247 4158 1279 4211 et

171 4237 286 4311 quando
306 4238 442 4314 quibusve
470 4236 561 4296 verbis
587 4224 771 4299 consueverit.
816 4230 1046 4297 nsanctissimae
1068 4254 1137 4314 crgo
1160 4239 1275 4337 virginis

171 4323 314 4402 epitheto,
336 4325 413 4400 quod
430 4327 476 4382 est
486 4327 630 4403 ροτιοςία,
658 4325 736 4384 venit
754 4321 822 4407 pani
839 4319 888 4400 qui
911 4319 1026 4384 Christo
1045 4324 1182 4386 asservari
1201 4323 1276 4383 sole-
