2958 4918
466 317 512 385 m
542 314 688 386 coouu
717 320 800 389 cnr.
826 317 868 387 11.
909 401 912 414 ,
968 418 971 426 Δ
1147 319 1217 392 191

115 473 295 544 φοιδιριλτιιν
311 475 490 550 'rhomumque
507 480 541 533 ab
558 481 645 535 eodem
663 481 752 536 Leone
768 475 945 550 τονρμάρχην
968 478 1020 532 τοῦ
1044 475 1220 550 φσιδερολτοιι

114 541 257 613 τάγματος
270 546 410 600 institutum
426 548 542 617 legimus.
577 567 696 604 successu
714 550 835 634 temporis
857 545 1021 617 φοιιλιροὶτοι
1046 551 1073 604 in
1094 543 1219 616 ἑταιρίας

115 615 224 678 mutati,
249 631 356 684 quorum
383 615 440 669 duci
465 612 640 688 ἕταιριιὶρχσν
657 636 747 672 nomeu
764 619 917 690 impositum.
952 617 1006 670 Leo
1030 617 1219 672 Grammaticus

115 683 149 734 de
162 683 288 736 Michaele
303 683 439 754 Theophili
451 687 511 740 lilios
538 684 701 755 παρέδωκεν
712 688 865 755 Βασίλειον,
877 687 922 752 ait,
934 680 1044 760 Ἀνδρέᾳ
1057 681 1221 757 inurentium

114 751 167 804 τοῦ
187 746 259 804 εἶναι
275 749 316 813 sle
332 747 386 820 τὴν
403 747 537 821 ἑταιρίαν.
557 775 589 809 ex
606 757 717 817 Scythia
734 756 866 826 siquidem,
885 755 1033 826 parentibus
1049 757 1111 810 licet
1126 757 1221 809 Mace-

115 820 240 885 donibus,
267 821 388 874 oriundus
412 832 469 876 erat
486 825 603 878 Basilius.
639 827 827 878 hetaeriarches
843 825 930 894 itaque
949 824 1046 877 exteris
1064 824 1126 877 beili
1143 825 1221 877 sociis

114 891 271 960 praefectus,
287 895 317 942 ut
333 897 441 945 turmam
458 911 491 947 ex
508 893 627 946 militibus
643 895 723 947 variis
741 893 885 946 nationibus
902 893 965 946 ortis
983 893 1096 962 collegit,
1112 893 1151 945 ita
1161 895 1218 946 loe-

114 958 214 1010 deratis
229 952 302 1012 ιιατοὶ
320 957 462 1026 διαφόρου
478 960 527 1016 nul
544 964 694 1033 cucumeris
708 959 875 1032 φερομένοις
891 958 1040 1032 πλήθους,
1065 961 1102 1014 ait
1125 962 1221 1029 Olym-

115 1025 239 1096 piodorus
256 1027 325 1096 apud
340 1027 469 1095 Plotium,
487 1032 611 1086 succedit
649 1032 715 1086 haud
727 1041 811 1086 tamen
824 1032 938 1085 omnibus
949 1031 1106 1102 imperabat:
1126 1029 1222 1083 Franci

115 1095 181 1148 enim
199 1095 401 1158 constabulario,
428 1099 538 1153 Barso'
564 1100 640 1169 Angli
657 1102 775 1154 acolutho
792 1107 844 1156 etc.
862 1102 993 1153 suberant.
1028 1099 1157 1168 reperitur
1172 1100 1222 1151 he·

114 1164 273 1218 tuerinrcbes
296 1166 379 1219 Persa
397 1167 486 1221 Persis
513 1170 663 1239 imperitans
689 1171 756 1240 apud
775 1170 889 1224 Leonem
906 1169 1106 1223 Grammaticum
1122 1169 1148 1221 in
1165 1168 1219 1222 hli-

117 1233 207 1286 chaele
221 1234 367 1304 Theophili.
401 1236 463 1290 vide
479 1235 655 1292 canmcuaeui
674 1245 689 1296 1
706 1243 752 1294 20.

199 1358 228 1416 p.
245 1340 285 1400 10
299 1358 324 1396 v.
339 1342 367 1403 6.
399 1337 522 1420 Magnus
549 1341 744 1422 chartularius]
771 1344 902 1408 scribitur
928 1343 1012 1404 etiam
1036 1335 1218 1425 χαρτσιιλλσῖ-

114 1443 195 1503 pror,
216 1421 471 1502 acharta'utiqne
488 1429 600 1486 nomine
616 1430 719 1503 ducto;
746 1430 845 1506 quiet
869 1431 899 1488 in
920 1429 1050 1506 ecclesia,
1078 1434 1218 1505 utsupra
1273 1498 1276 1506 ‚

113 1507 304 1585 meminimus,
326 1510 403 1568 etin
425 1512 506 1591 aula,
527 1518 560 1571 ut
580 1515 634 1572 iste
660 1515 771 1590 dequo
790 1514 994 1593 inpraesenti3
1018 1531 1101 1589 quem
1122 1514 1216 1571 Zona-

113 1612 161 1652 ras
187 1594 216 1650 in
236 1591 334 1652 Leone
353 1593 474 1655 isaurico
497 1604 580 1657 vocat
601 1603 663 1661 noio
687 1601 852 1680 βασιλικῶν
870 1600 972 1662 ἰἰττταν
993 1599 1214 1662 ἐπιστατοῦντα.

113 1683 177 1736 erat
192 1677 284 1764 etiam⁴
293 1679 416 1756 dignitas
430 1681 602 1743 cubicularia
622 1684 687 1743 hinc
699 1683 819 1744 Novella
838 1689 859 1751 8
873 1684 1021 1744 Iustiniani
1035 1679 1215 1763 χαρτονλλά-

113 1785 180 1844 proc
202 1767 265 1825 scin
290 1766 386 1826 θείων
411 1761 578 1831 κοιτοὸνων.
611 1775 642 1828 et
668 1769 698 1827 in
724 1768 836 1829 Notitia
859 1770 1101 1832 consuetudinum
1127 1769 1215 1826 habes
1305 1763 1307 1774 '

112 1849 362 1929 χαρτονλλαρλονς
371 1854 426 1913 τοῦ
436 1853 526 1915 θείαν
539 1854 765 1933 αουβονιιλελον.
779 1853 963 1914 chartularius
977 1854 1090 1911 bellicus
1099 1853 1215 1912 militem

112 1933 296 2009 conquirebat
312 1940 343 1993 et
354 1937 562 2017 conscribebat,
583 1945 616 1998 ut
625 1939 715 2016 liquet
728 1959 763 2000 ex
776 1940 897 2000 Constit
912 1941 933 2004 3
950 1939 1053 2000 Leonis
1067 1937 1138 2018 Imp.

183 2049 357 2119 scriniarius,
382 2051 464 2120 inquit
488 2053 627 2108 Meuraius.
650 2055 760 2124 optinet
782 2070 839 2108 uam
862 2058 889 2106 et
911 2053 1119 2120 Etymologicum
1139 2060 1215 2106 vetus

115 2116 284 2170 chartularios
306 2121 561 2187 commentarienses,
588 2121 697 2194 publicis
723 2123 804 2178 literis
827 2122 921 2176 tabulis
950 2121 1124 2176 instrumentis
1147 2119 1215 2176 sori-

112 2185 202 2241 bendis
220 2193 247 2238 et
270 2190 440 2246 retractandis
464 2191 610 2273 praefuisse
632 2192 716 2249 docet.
753 2199 781 2246 at
800 2208 857 2245 curn
880 2192 965 2261 plures
994 2208 1127 2243 inumerare
1170 2205 1214 2241 os-

112 2255 147 2308 sis
165 2255 321 2337 bpiusmodi,
350 2259 473 2328 huncqui
497 2276 587 2313 cursus
612 2262 725 2344 publici,
757 2262 809 2315 rori
833 2253 917 2325 ὀξέως
942 2255 1064 2328 δρόμου,
1089 2259 1117 2312 ἰσ
1143 2207 1216 2312 ἕσα-

112 2330 223 2379 stautruo
241 2325 483 2395 Porphyrogeneta3
500 2330 576 2381 alium
593 2329 673 2383 divini
690 2329 801 2383 cubiculi
812 2329 918 2384 Novcil.
931 2328 975 2391 25,
990 2329 1043 2380 τοῦ
1054 2327 1137 2380 θείου
1149 2344 1217 2378 nou-

114 2392 279 2462 βοναλείοα,
305 2395 349 2462 qui
374 2402 400 2449 et
425 2397 481 2449 τῶν
497 2398 586 2452 θείαν
599 2394 740 2454 notasset
757 2399 784 2450 in
801 2397 902 2465 Eclcga
919 2396 972 2454 ub.
990 2397 1083 2451 Leonis
1101 2402 1128 2448 et
1144 2396 1217 2447 Con-

111 2461 235 2524 stantini3
259 2464 372 2530 magistri
430 2465 509 2518 uitum
533 2466 609 2518 alium
633 2466 666 2520 L.
687 2468 704 2522 5
723 2467 780 2519 cod.
805 2466 906 2520 Theod.
930 2464 962 2518 dc
978 2464 1071 2519 divers.
1089 2463 1169 2516 Ollio.
1187 2468 1216 2517 et
1267 2477 1269 2484 ⁴

111 2530 246 2600 Apparito.
267 2541 294 2583 et
318 2533 406 2602 proba.
433 2535 491 2599 ,ὃς
517 2541 632 2603 quartum
659 2531 809 2602 Θεόδωρον
830 2530 881 2588 τὸν
897 2533 1027 2601 Χοιλμνον
1044 2527 1216 2601 perproclivi-

110 2617 175 2666 ριον
192 2593 333 2654 ὄντατῶν
350 2597 557 2670 [ναυστάθμων
577 2605 646 2674 apud
663 2605 781 2658 Nicetam
798 2605 819 2661 l.
836 2605 854 2658 3
871 2602 978 2668 Isuacii,
999 2609 1027 2654 et
1040 2602 1107 2671 apud
1125 2601 1217 2652 Zona-

110 2685 166 2722 ram
185 2668 211 2720 iu
229 2669 315 2722 Leone
329 2670 418 2730 Iseuro
436 2671 585 2743 βασιλικῶν
600 2673 695 2726 ἵππιον
717 2667 932 2737 ἐπιστατοῦντας
962 2671 988 2724 in
1007 2671 1122 2724 exercitu
1138 2669 1215 2724 alium

110 2737 225 2859 qupdpori
241 2735 381 2860 hipprlqp,
409 2757 441 2792 ex
464 2741 632 2795 Constantino
656 2743 684 2795 in
705 2741 839 2808 Tacticis3
864 2741 927 2824 alios
945 2757 1040 2826 ‘magno
1066 2739 1215 2860 lpgotpetce

109 2813 291 2944 ἓιέἓῗέιῗ
302 2809 682 2957 rutiliial'illiiiitit
698 2810 1215 2948 ltt‘tltltt‚vttttlttbttt

110 2951 140 2997 et
155 2951 280 3015 quotquot
297 2945 359 2997 aluos
376 2947 522 2999 scriniarios
539 2966 572 3002 ex
583 2949 681 3019 imperii
694 2949 782 3002 notitia
794 2947 950 3016 assignabiss
968 2947 1009 2999 hic
1022 2955 1106 3000 tamen
1118 2945 1213 3014 μέγας,

110 3012 144 3066 ad
162 3029 236 3082 quem
251 3023 352 3066 caetera
377 3017 550 3086 referrentur,
576 3027 622 3070 ent
647 3018 690 3087 qui
717 3019 828 3086 reliquos
854 3018 949 3069 honore
970 3015 1145 3085 praecederet,
1180 3015 1214 3066 de

110 3081 236 3134 ecclcsiae
258 3082 430 3150 chartulario,
453 3091 483 3136 ut
505 3086 610 3138 alterius
635 3087 747 3149 ordinis,
770 3086 805 3138 uil
827 3087 854 3138 in
879 3085 1014 3155 praesenti.
1048 3101 1138 3152 magno
1155 3083 1214 3136 huie

110 3151 241 3273 eperqiltlps
262 3152 408 3272 compsisses
428 3153 632 3278 lpgimluslapud
653 3156 773 3211 Nicetam
797 3155 824 3207 in
848 3155 969 3208 blauuele
984 3155 1003 3208 l.
1020 3154 1053 3222 8,
1078 3153 1105 3206 iu
1122 3152 1212 3208 Alexin

109 3235 165 3273 erus
221 3237 298 3288 o,1n
327 3236 413 3275 saacro
453 3239 562 3290 ngeo.
599 3263 614 3290 .,

126 3384 129 3394 Δ
195 3309 254 3368 Sed
265 3309 332 3384 quid
348 3309 377 3368 in
391 3307 517 3388 Legibus
532 3310 672 3375 Francicis
692 3311 744 3376 1.6
769 3309 828 3374 108
850 3310 923 3369 homo
942 3310 1143 3372 chartularius?
1162 3317 1211 3388 ert,

107 3394 202 3469 inquit
223 3393 356 3453 Pithoeus
376 3395 406 3454 in
427 3395 586 3473 Glossario,
608 3399 681 3456 homo
702 3417 751 3476 per
780 3397 900 3454 chortam
920 3398 976 3454 siue
998 3417 1046 3474 per
1072 3397 1316 3476 epistolump192

108 3480 177 3539 liber
194 3481 300 3560 foelus.
321 3481 410 3540 tiberii
429 3481 602 3541 sccknmlici
624 3487 717 3556 mant,
747 3482 787 3539 ait
810 3480 880 3539 alius
898 3481 927 3538 in
944 3483 1019 3540 nolis
1046 3484 1084 3540 ad
1107 3481 1211 3540 Parae·

108 3583 209 3643 meses,
230 3566 324 3645 quidm
337 3566 540 3626 archidiaconus
562 3568 666 3626 iubebat
687 3569 769 3626 scribi
788 3566 896 3624 chartas
916 3567 1056 3627 tabulaeve
1079 3571 1210 3628 missionis

108 3670 156 3710 reu
171 3653 392 3711 manumissionis.
412 3651 482 3710 unde
501 3652 697 3712 chartulariiet
716 3651 846 3710 tobnmrii
854 3655 991 3711 nominati.

178 3765 217 3817 ib.
233 3781 260 3818 v.
278 3767 304 3820 7.
337 3759 352 3817 ὁ
372 3759 527 3836 λορσθέτηρ
540 3766 592 3822 τοῦ
608 3762 716 3835 δρόμον
731 3763 871 3819 rationulis
888 3782 999 3833 curun,
1021 3780 1136 3818 summus
1152 3781 1212 3816 car·

107 3849 197 3886 sorum
210 3851 324 3902 praeses.
360 3832 484 3887 decursu
502 3836 603 3906 publico
618 3834 762 3905 Procopius
778 3829 809 3888 dv
826 3828 1004 3896 ἅνειιὸότοιςι
1029 3834 1143 3886 Romani
1158 3839 1211 3886 im-

105 3911 244 3973 peratores
266 3902 313 3971 qui
330 3909 411 3956 antec
417 3908 528 3971 sumunt
539 3906 642 3958 modum
654 3907 836 3974 excogitarunt
850 3923 899 3973 quc
914 3912 1007 3955 cuncto
1018 3904 1067 3954 sibi
1078 3919 1156 3969 quom
1169 3921 1213 3956 os-

107 3973 214 4026 terrimo
223 3979 326 4042 possent
338 3973 458 4024 acutiori
465 4013 472 4042 ,
495 3981 521 4027 et
543 3983 575 4028 ut
585 3978 680 4028 scirent
693 3992 761 4044 qnae
771 3976 865 4042 ubique
878 3974 946 4024 inter
959 3973 1044 4024 hostes
1056 3979 1211 4040 agerentur,

108 4049 138 4094 er
153 4043 179 4094 si
197 4058 250 4109 qna
264 4042 294 4093 in
312 4041 462 4094 ciuitatibus
473 4043 566 4096 reditio
577 4045 692 4112 oel'quid
704 4045 779 4097 aliod
790 4041 958 4111 improvisum
972 4056 985 4092 c
995 4041 1158 4106 praesidibus
1168 4043 1213 4096 uel

109 4110 188 4163 alind
206 4111 430 4178 quomodocunque
440 4114 568 4177 oriretur,
591 4120 617 4168 ct
631 4121 661 4166 ut
673 4131 763 4167 annuc
774 4113 874 4166 tributo
886 4109 1007 4161 uelociter
1019 4116 1043 4161 et
1055 4116 1112 4162 tuto
1123 4116 1212 4161 trous-

107 4181 281 4234 mittcrentur.
314 4181 447 4248 publicium
465 4197 530 4250 ergo
549 4189 576 4234 et
594 4183 702 4236 calmem
715 4184 843 4252 quendum
856 4179 949 4244 ubique
961 4193 1063 4230 cursum
1075 4180 1122 4230 boc
1135 4181 1212 4232 modo

106 4250 285 4305 instituerunt.
320 4249 377 4302 uiro
390 4250 507 4318 expedito
519 4252 555 4303 od
566 4252 616 4304 iter
628 4253 681 4305 diei
693 4254 818 4307 stationes
829 4251 1033 4311 constituerunt,
1055 4247 1212 4316 quandoque

107 4324 182 4388 octo,
205 4318 360 4390 mundoque
377 4320 712 4390 pannones,‚uon·tomen
727 4323 812 4376 ninus
829 4319 957 4389 quinque,
982 4318 1049 4383 quod
1065 4317 1210 4387 plurimum
