3034 4916
524 283 924 370 ανοοοινιοοο.ν.’
1183 301 1256 374 nos

162 464 282 526 Menneu
295 463 399 545 liquet,
420 467 535 527 notarios
550 462 738 543 appellebant.
767 467 868 526 noteris
889 465 975 543 igitur
998 466 1069 528 duos
1091 466 1258 530 brunon·

162 554 237 629 rios,
257 552 311 610 sub
327 552 496 612 Constantio
514 548 619 610 Ariane
633 550 800 628 imperatore
820 552 951 629 profide
970 552 1127 611 orthodoxa
1143 554 1259 631 occisos,

162 637 262 696 merito
272 636 492 714 venerabantur,
512 635 593 694 sicuti
612 636 711 698 medici
725 637 769 694 SS
790 637 923 716 Cqsmam
937 641 965 696 et
983 635 1149 698 Demienum
1171 639 1260 699 medi-

162 741 220 782 cos
241 724 292 781 sed
316 742 449 800 processu
473 721 607 800 temporis
636 721 866 798 superseminavit
890 722 1016 781 inimicus
1035 720 1119 783 homo
1142 724 1260 800 zizania,

161 809 237 866 festo
261 809 465 886 propemodum
491 808 521 866 in
544 805 726 866 Bacchanalia
743 805 787 864 vel
808 806 974 885 Lupercalia
999 826 1089 867 verso.
1117 827 1184 887 quae
1203 809 1261 868 ali·

163 893 271 972 quando
284 895 388 972 fiebant
411 897 441 952 in
470 892 521 953 SS
547 895 709 952 nmariuum
724 890 799 971 festo
817 912 836 951 a
855 895 967 952 notariis
983 913 1079 971 pueros
1101 893 1261 968 docentibus,

163 997 224 1037 cum
244 981 353 1036 scenicis
369 979 488 1056 peruris
508 977 602 1056 sirum
623 978 791 1053 mercatibus,
815 984 877 1036 ante
905 978 1007 1058 aliquot
1033 997 1116 1038 annos
1142 979 1262 1039 exoleve-

162 1068 226 1122 runt
252 1065 413 1124 sanctissimi
438 1063 514 1123 illius
542 1063 644 1121 domini
660 1059 752 1121 Ιποοτ
767 1063 938 1142 patriurclsac
964 1063 1074 1122 decreto.
1106 1063 1147 1122 ite
1163 1063 1262 1123 Balsa·

163 1167 232 1206 mon
254 1149 292 1205 ed
313 1151 354 1210 62
383 1167 517 1208 canonem
540 1146 712 1206 Tndlanum.
739 1149 839 1206 eadem
864 1149 951 1206 imme
968 1148 1092 1205 invenies
1114 1147 1131 1206 l.
1149 1149 1170 1210 3
1189 1147 1261 1206 Iuris

165 1231 408 1292 GraecoRomani
420 1255 448 1312 p.
464 1238 535 1297 228.
556 1233 655 1292 notarii
671 1251 739 1310 ergo
754 1252 855 1310 pueros
869 1234 954 1292 etium
967 1232 1113 1292 docebant.
1134 1233 1180 1291 vix
1189 1233 1260 1292 fides
1276 1237 1298 1292 Ρ
1317 1238 1368 1292 212
1415 1277 1418 1286 .

165 1319 202 1376 de
219 1319 348 1397 pedatinis
362 1325 392 1378 et
405 1318 609 1394 ecclesiasticis3
630 1337 715 1396 quare
736 1319 774 1378 ed
791 1317 861 1379 elios
882 1319 1007 1378 notarios
1024 1315 1145 1380 officium
1158 1337 1261 1398 pueros

164 1405 284 1463 docendi
296 1405 471 1466 referendum
487 1406 547 1464 erit.

249 1522 284 1580 ib.
306 1541 331 1581 v.
357 1522 405 1588 14.
433 1523 598 1584 vocnbsdum
612 1517 727 1604 utiusqu
740 1523 895 1602 generatim
914 1522 960 1581 bie
975 1521 1115 1598 significat
1133 1525 1262 1582 munitio·

163 1625 224 1680 nes,
249 1607 308 1665 sive
326 1609 423 1687 oppidi
438 1611 498 1668 sive
515 1611 620 1670 fossati.
650 1611 735 1669 etiam
757 1606 887 1688 κάοτρον
906 1608 1040 1687 singulari
1055 1627 1171 1668 numero
1192 1608 1261 1686 legi-

163 1711 235 1749 mus.
257 1693 462 1752 Constantinus
481 1695 581 1755 Them
604 1696 714 1754 Orient.
737 1699 789 1758 10:
812 1689 943 1776 colorqov
967 1692 1051 1756 ἐστὶν
1063 1688 1262 1777 ὀχυρώτατον.

153 1771 375 1858 ,καοτροφύλαξ
405 1784 550 1839 castromm
576 1785 682 1857 custm,
707 1779 936 1860 παστροπτὶστης
964 1785 1111 1840 cortronun
1139 1786 1261 1855 metator,

163 1862 373 1940 uuoroouqcclu
387 1869 531 1924 castrorum
541 1867 663 1940 metatio,
678 1863 851 1947 nuorqlosov
864 1864 923 1922 sive
934 1864 1105 1944 nuorplorov
1122 1870 1261 1924 casbcnsc.

163 1945 264 2004 iisdem
288 1947 318 2004 in
339 1966 393 2006 usu
415 1953 483 2009 sunl
505 1945 674 2026 naioreilos,
700 1949 887 2026 uuoclllcou,
915 1946 1040 2028 καστὲλη
1065 1968 1118 2026 pro
1144 1949 1262 2008 castellr's

163 2050 215 2088 seu
228 2035 413 2092 munitionibus
428 2041 457 2094 et
475 2055 527 2114 pro
544 2035 644 2116 oppido.
664 2035 729 2095 hinc
748 2036 900 2096 castelliani
917 2033 1019 2094 milites
1038 2033 1157 2093 castellis
1171 2035 1263 2114 impo-

163 2116 219 2175 siti.
240 2123 419 2182 cancellosis
432 2121 523 2182 locum
537 2122 657 2199 aliquem
670 2122 785 2181 munire.

232 2231 297 2286 ibid.
327 2229 443 2302 uoiocqu]
478 2235 597 2288 ciuitates
630 2237 760 2290 moenibus
790 2236 905 2290 munitas
936 2233 1116 2318 interpretare.
1160 2233 1263 2288 Cedre-

164 2315 212 2352 nus
227 2300 254 2353 in
271 2301 398 2355 Micheele
414 2304 597 2372 Paphlagones
623 2301 800 2372 Παρνροίτιος
816 2299 849 2358 δὲ
865 2300 881 2356 δ
897 2298 1196 2373 Ἅβασρος,,“Ρωμανδν
1212 2297 1263 2356 cria

167 2365 281 2438 βασιλέα
298 2365 522 2440 censuissemus
546 2369 757 2443 debuissetis
779 2371 909 2441 γυναικὸς
931 2365 1034 2436 αὐτοῦ,
1062 2369 1115 2441 τήν
1136 2390 1166 2426 τε
1189 2365 1261 2438 πρδς

158 2434 314 2507 Ῥωμαίους
329 2435 445 2510 εἰρήνην
460 2435 599 2496 ἀπείπατο
616 2440 663 2496 καὶ
678 2437 715 2496 roi
731 2439 829 2514 πρῴην
846 2437 972 2494 δοθέντα
988 2435 1094 2507 uicenos
1110 2439 1160 2494 nul
1172 2435 1264 2508 φροδη

166 2524 214 2579 ocu
229 2505 410 2576 ἀνεκτήσατο.
444 2510 562 2575 Barium,
579 2513 710 2581 Capuam,
734 2511 907 2570 Beneventum
924 2519 1062 2562 vocaverat
1077 2510 1104 2562 in
1123 2510 1263 2579 superiori-

165 2575 214 2629 bus
229 2573 346 2646 κάπτρα.
380 2578 453 2631 buius
468 2579 560 2633 mentis
579 2583 663 2634 tuerat
680 2582 713 2633 ab
730 2581 835 2649 antiquo
853 2579 922 2631 circe
937 2595 1027 2631 vocem
1050 2579 1116 2632 hene
1140 2577 1263 2631 Iustinia-

165 2662 213 2697 nns
230 2647 300 2699 Nor.
318 2647 385 2700 128¹>
408 2644 456 2701 nul
479 2643 545 2711 τούς
560 2643 591 2703 ἐν
607 2653 669 2712 ταῖς
685 2643 757 2718 δποιρ
774 2648 829 2710 tuce
846 2642 930 2710 ὄντας
946 2641 1084 2716 ἄρχοντας
1099 2641 1261 2710 πολιτικούς

165 2731 195 2768 τε
212 2713 262 2768 nul
276 2710 487 2784 στρατιατικοδς
504 2711 535 2771 ἐν
550 2721 613 2782 ταῖς
628 2716 739 2774 πόλεσιν
755 2667 819 2788 icoo
834 2713 973 2786 νάστροις.

250 2840 278 2898 p.
291 2819 334 2884 42
346 2843 373 2882 v.
387 2829 416 2888 2.
437 2829 587 2902 entergon,
609 2826 686 2901 qnod
704 2831 748 2884 est
763 2827 892 2896 triremis,
909 2821 987 2881 utin
1006 2823 1068 2900 ipso
1086 2822 1198 2884 Codino
1214 2839 1263 2881 ex-

165 2907 294 2985 ponitur,
311 2925 345 2967 ex
364 2906 467 2967 Arabia
481 2929 498 2967 a
511 2909 591 2969 Innio
606 2913 767 2970 advocetur.
788 2910 893 2985 ubique
910 2909 1038 2968 nimirum
1059 2909 1103 2967 sui
1123 2907 1264 2968 Arabismi

164 2993 316 3072 specimina
330 2994 397 3053 edit.
414 3015 463 3055 eur
475 3014 533 3056 non
547 3015 581 3056 ex
594 2991 670 3059 nursi
684 3004 714 3057 et
728 2996 816 3082 ἔργον
829 2995 1014 3074 compositum
1029 2992 1087 3053 sitt

248 3111 284 3170 ib.
308 3129 334 3170 v.
352 3113 381 3172 7.
401 3109 617 3196 λογγαριαστήν
630 3114 709 3173 aulae
724 3115 764 3172 ait
773 3113 869 3174 Iunius
883 3133 944 3171 esse
959 3113 1037 3172 illum
1053 3112 1102 3189 qui
1115 3109 1203 3170 Gallis
1217 3113 1264 3168 est
1324 3089 1334 3117 δ

165 3213 279 3274 magnus
292 3199 529 3275 contrarotulutor,
551 3195 783 3284 αλογαριοὶζειν,
806 3201 883 3275 quod
898 3205 942 3258 est
958 3204 1113 3278 computare.

250 3316 287 3378 ib.
301 3334 327 3374 v.
344 3317 391 3378 12.
418 3318 671 3402 peyulouloyiros]
702 3319 799 3382 Iunios
827 3320 1028 3399 interpretetur
1054 3317 1159 3393 magni
1189 3317 1263 3394 equit

165 3404 282 3475 uteru,
301 3406 407 3477 magnis
421 3408 495 3482 equis
503 3411 665 3483 pugnantes.

233 3515 298 3568 ibid.
315 3517 494 3586 cataphractos
517 3519 618 3588 equites
640 3519 770 3589 existimo,
806 3517 852 3590 qui
873 3534 976 3574 numero
1002 3521 1030 3572 et
1049 3517 1161 3589 pondere
1177 3525 1263 3568 mmo-

164 3599 222 3638 rum
236 3601 330 3652 graves
345 3588 443 3655 mugnis
461 3595 489 3641 et
505 3589 615 3642 fortibus
631 3589 704 3659 equis
720 3605 784 3660 opus
801 3589 935 3642 baberent.

233 3687 297 3740 ibid.
313 3683 503 3759 τρικάβοιλλοι]
520 3691 690 3744 trimarcisios
707 3690 806 3760 antiqui
824 3691 893 3745 Gelli
909 3691 1041 3754 dixissent,
1076 3688 1102 3740 ni
1113 3685 1196 3740 tribus
1210 3683 1264 3736 sin·

164 3755 219 3824 guli
240 3762 346 3808 utuntur
370 3759 448 3826 equis,
482 3761 622 3814 Pausanias
646 3758 739 3814 Gallos
762 3765 792 3814 ut
813 3762 851 3815 ite
874 3760 956 3815 dicem
980 3706 1181 3829 τριναδάλλοας
1196 3752 1265 3805 duce

163 3827 266 3878 Brenno
288 3824 315 3876 in
334 3826 452 3880 Graecos
474 3835 563 3884 euntes
581 3828 717 3898 descripsit
739 3829 756 3881 1.
777 3831 819 3884 10.
848 3835 940 3900 suere,
962 3829 1060 3899 inquit,
1084 3841 1165 3893 supra
1188 3839 1265 3875 scra-

164 3896 244 3965 ginta
256 3895 371 3964 equitum
383 3897 458 3949 milia
470 3900 582 3967 amplius
598 3900 671 3951 mille
685 3899 799 3951 ducenti.
833 3917 896 3952 narn
913 3900 1032 3968 singulos
1050 3897 1147 3963 equites
1157 3893 1207 3945 cluo
1215 3895 1268 3974 se:

164 3965 231 4016 muli
242 3965 413 4033 sequebantur
426 3966 455 4018 in
472 3970 558 4036 cquis,
582 3967 677 4036 stipsi
695 3969 848 4035 equestrium
867 3971 965 4022 artium
982 3965 1093 4020 manime
1110 3961 1201 4032 guarl-
1237 3961 1267 4012 bs

162 4034 354 4101 praeliantibus
364 4035 474 4088 dominis
484 4039 513 4088 in
524 4045 638 4090 extrema
650 4037 706 4090 acie
717 4038 880 4091 consistentes
892 4039 917 4090 ei
928 4043 1003 4088 mant
1020 4033 1095 4096 usui,
1112 4039 1142 4084 ut
1157 4033 1180 4084 si
1191 4033 1267 4098 sorte

164 4121 245 4172 equus
262 4111 327 4156 esset
342 4106 465 4166 amissus,
481 4109 573 4159 statim
590 4123 664 4158 suurn
680 4106 877 4171 submitterent,
896 4107 920 4160 si
935 4107 977 4158 vir
994 4103 1159 4165 concidisset,
1178 4115 1267 4154 seruus

164 4171 194 4223 in
206 4173 260 4224 cias
272 4174 355 4224 locum
370 4175 530 4228 succederet:
550 4177 642 4245 quodsi
664 4183 804 4244 utrumque
823 4176 885 4228 belli
910 4175 1021 4242 impetus
1040 4171 1188 4236 evertisset,
1210 4169 1266 4222 iam

161 4247 270 4308 praesto
281 4249 338 4294 crat
348 4243 456 4312 tertius,
475 4246 521 4312 qui
530 4263 578 4313 pro
590 4244 698 4297 mortuis
709 4245 793 4298 locum
804 4251 910 4299 teneret.
944 4252 1022 4310 etque
1038 4241 1104 4292 hene
1120 4237 1265 4290 institutio-

165 4325 223 4364 nem
248 4325 315 4364 voce
330 4309 415 4382 petris
431 4313 617 4374 trinorcisiam
632 4312 780 4368 neminents
805 4328 896 4384 equom
913 4312 979 4366 enim
992 4325 1108 4365 marcam
1125 4306 1264 4378 appulsos.
