2942 4916
187 325 262 429 eea
346 323 625 396 euersam-ur
640 323 772 396 cosm
785 268 1120 396 coumuuruuuus

267 507 297 571 p.
307 487 348 556 bi
361 503 390 552 v.
407 491 454 556 10.
470 487 602 575 rianio]
615 489 714 564 meiius
728 491 868 576 stuyeiu,
882 485 1023 574 rioiyuuc,
1036 495 1158 552 truncus.
1171 489 1286 572 proprie

184 574 473 658 ulcaimperatori13
501 582 532 638 et
554 575 719 658 calceatus,
750 579 799 656 qui
821 596 869 639 eas
889 576 1067 656 conficiebat,
1093 570 1218 660 τζαγγνὶς
1239 573 1285 634 vel

182 663 279 742 potius
288 655 413 745 τζαγκάς
422 661 581 742 dicebatur,
595 679 653 725 suom
667 670 700 724 ut
710 662 756 724 alii
765 670 892 744 sutores,
905 655 1080 747 τζαγγᾶριος
1091 681 1142 721 seu
1156 654 1286 742 νζαγαᾶ-

184 769 260 827 ρισς.
278 747 320 806 itu
332 749 406 809 euim
425 747 471 808 hic
490 747 640 827 legendum
659 756 720 828 eet,
740 769 798 810 non
814 743 1010 832 τζαγμᾶριος,
1025 755 1060 808 ut
1075 746 1284 822 edidicimus,

182 832 228 891 cui
242 839 357 892 macae
378 838 408 893 et
422 834 533 894 muncia
552 853 611 894 nou
626 832 755 916 placent,
775 836 866 913 magis
883 836 1008 894 arrident
1021 837 1188 912 tzuggaelet
1202 838 1285 908 trag-

181 917 245 996 gia,
265 922 299 977 ut
315 917 421 978 habeat
441 919 613 979 occasionem
632 939 735 980 nomen
751 919 805 980 hoc
822 919 979 980 deducendi
992 937 1027 980 ex
1044 919 1167 980 Arabica
1177 917 1283 994 lingua.

180 1001 234 1060 sed
254 1004 348 1082 potior
366 1009 412 1063 est
431 1006 509 1085 apud
522 1025 568 1065 me
579 1005 649 1066 fides
663 1007 789 1066 codicum
802 1003 985 1066 Leutheriami
997 1010 1027 1066 et
1043 1003 1242 1064 Bavaricormn
1253 1006 1285 1061 et

179 1086 320 1148 Simeonis
331 1089 459 1167 magistri
472 1091 625 1152 officiorum
637 1091 667 1153 in
681 1091 824 1152 Pandecte
837 1090 947 1151 Turcic.
961 1110 985 1150 c
1002 1091 1079 1166 199,
1099 1090 1148 1168 qui
1161 1087 1284 1168 τζαγκία

180 1179 213 1232 et
226 1169 350 1276 τζνζναας
364 1173 446 1235 nobis
459 1175 605 1251 exhibent3
627 1177 740 1238 tametsi
755 1177 844 1238 altere
859 1175 942 1238 lectio
960 1173 1009 1236 illa
1026 1167 1146 1256 τζᾶγγαι
1163 1173 1284 1252 τζαγγὶα

180 1260 356 1342 τζαγγαριος
376 1260 538 1341 simpliciter
559 1262 633 1322 reiici
657 1281 711 1324 nec
729 1268 826 1342 potest
847 1280 900 1324 nec
920 1261 1012 1321 debet.
1039 1261 1170 1320 scribitur
1197 1257 1284 1317 etiam

178 1341 362 1425 τζαγνάρηςε
384 1345 449 1408 hiae
463 1345 550 1426 τέχνη
566 1345 743 1430 τζαγγαρική
752 1391 762 1422 ,
783 1369 829 1409 crs
843 1351 953 1408 sutorio.
975 1346 1091 1405 transiit
1105 1345 1160 1406 hoc
1179 1359 1283 1403 nomem

159 1427 354 1506 ¹uudLetinos.
375 1428 532 1492 Trebellius
546 1427 654 1493 Pollios'
671 1433 943 1512 couchusdeuostrs‘s
962 1431 1201 1512 Parthenopaeo
1217 1432 1282 1488 unu
1336 1481 1340 1489 ,
1434 1427 1437 1436 ⁴

177 1512 227 1572 ubi
249 1514 453 1577 Cusauhonuss
480 1518 616 1580 barbarici
635 1515 806 1578 calceamenti
827 1537 910 1596 genus
926 1523 1043 1594 treugas
1068 1519 1207 1576 ooconsot.
1234 1510 1298 1572 sed-

177 1601 254 1658 carie
263 1603 389 1662 scribitur
402 1601 451 1664 boc
464 1603 578 1682 perium
598 1606 628 1664 in
641 1603 731 1664 codice
744 1603 922 1664 Theodosiana
938 1602 970 1662 de
988 1601 1081 1662 lubitu
1100 1605 1175 1661 iutro
1191 1598 1280 1658 uriom

176 1683 231 1758 leg.
252 1687 273 1746 2
299 1691 434 1764 tzuugce3
458 1690 489 1748 u'n
509 1691 589 1750 retu
609 1695 731 1754 truncae.
759 1690 870 1750 Graecis
888 1679 1011 1769 τζᾶγγαι
1030 1693 1081 1747 cut
1096 1683 1233 1768 τζαῃία,
1254 1688 1281 1742 ei

175 1763 352 1849 τζαγγάριος
370 1771 465 1832 lorum
486 1771 592 1853 crt'u'y‘ec
604 1773 678 1852 opud
690 1772 813 1834 Tsetseos
825 1777 855 1834 iu
866 1773 1044 1834 chiliadihus.
1060 1772 1157 1833 Δανα·
1165 1787 1281 1846 euagre.

176 1852 321 1916 Peuma
344 1857 386 1916 cel
409 1857 573 1920 Parthorum
590 1859 681 1939 fuisse
701 1866 834 1935 gestamen
851 1859 948 1936 mogm'
964 1860 1050 1938 pretii
1068 1875 1101 1916 ex
1121 1857 1169 1916 luoc
1183 1855 1280 1914 locoet

173 1939 305 1999 similibus
325 1947 443 2022 supparet⁸
466 1944 497 2004 in
516 1944 599 2004 fastis
619 1944 734 2004 Graecis
750 1943 883 2022 legumtur
898 1943 970 2004 haec
990 1943 1027 2002 de
1040 1960 1107 2020 rege
1121 1939 1279 2002 Lazorumc

174 2017 214 2084 soi
230 2025 349 2171 τζαζγία
359 2021 455 2090 αὐτοῦ
469 2019 510 2108 ἦν
522 2023 582 2094 α’πό
593 2033 649 2108 τῆς
663 2023 760 2110 χώρας
774 2021 869 2092 ouicoui
885 2026 1029 2108 ῥονσαία,
1052 2031 1193 2110 Περσικῷ
1207 2017 1280 2106 σχή-

158 2130 260 2204 Ιμανι,
297 2131 387 2188 posco
397 2112 588 2192 μαργαρίτας.
610 2113 743 2191 Synodus
760 2111 968 2174 Aurelianensis
987 2130 1049 2174 can.
1069 2117 1126 2180 22:
1153 2111 1280 2174 nuceto

175 2197 292 2254 orarium
302 2197 331 2253 iu
344 2201 500 2258 mouostcuio
512 2198 556 2258 uel
572 2217 670 2260 murus
685 2201 839 2260 lohueuou
855 2195 946 2263 hcet.

192 2375 196 2382 ¹
241 2314 308 2371 ibid.
333 2315 459 2389 τξαγγία]
475 2318 607 2376 biennius
620 2328 753 2404 tsosguc,
770 2319 816 2376 elii
836 2321 1014 2375 cclcecmcrctu
1030 2317 1178 2374 socom
1206 2310 1278 2369 cuius

173 2382 273 2468 formes
298 2385 395 2442 iuueriut
420 2405 472 2444 non
491 2398 630 2460 exponunt.
663 2389 715 2446 ilius
739 2390 873 2446 etiamnum
896 2390 973 2444 hodie
995 2396 1102 2444 utuntur
1119 2387 1148 2440 iu
1169 2385 1278 2438 Oriente

174 2467 225 2533 uun
244 2459 271 2506 et
287 2455 405 2510 mulieres
422 2458 580 2526 promiscuos
602 2463 713 2530 suntque
734 2460 852 2514 cothurni
875 2477 907 2514 cx
930 2458 1004 2514 varie
1026 2456 1149 2512 coloratis
1168 2454 1278 2526 pellibus

173 2520 260 2575 urbium
278 2523 393 2595 adusque
409 2543 477 2596 genu
494 2530 600 2597 pressim
617 2536 645 2582 et
664 2528 773 2582 strictim
789 2527 915 2583 tibisliuuu
932 2544 1003 2582 nore
1015 2527 1171 2590 vestientes,
1189 2523 1277 2592 quales

172 2589 223 2643 ism
251 2607 297 2645 suo
319 2599 437 2664 tempore
458 2597 569 2652 usitatos
592 2597 717 2652 describit
736 2599 880 2670 Procopius
896 2597 929 2650 de
943 2596 1046 2651 sedihc.
1062 2592 1193 2648 iustiniani
1209 2593 1228 2645 1.
1243 2593 1276 2645 32
1371 2596 1380 2615 ⁸

170 2651 345 2742 ῥπσσήματα
361 2659 439 2734 μέχρι
456 2663 497 2728 eie
512 2663 582 2734 γόνυ
605 2665 737 2736 φοινικοῦ
758 2663 919 2738 χρώματος,
943 2659 964 2719 ἃ
988 2659 1025 2734 δὴ
1051 2659 1166 2735 βασιλέα
1188 2657 1276 2730 μόνον

183 2727 318 2795 Ρωμαίων
332 2733 428 2787 τεκαὶ
446 2733 561 2802 Περσῶν
575 2730 746 2788 ὑποδεῖσθαι
762 2732 854 2804 θέμις.
890 2735 948 2787 hinc
965 2735 1065 2788 mbas
1082 2731 1213 2802 Elpidium
1227 2729 1275 2780 icu-

173 2802 320 2862 peretorem
342 2799 370 2852 in
396 2802 486 2855 Sicilie
509 2804 677 2857 renuntiaturi
700 2802 766 2872 apud
793 2804 974 2874 Theophanem
995 2803 1021 2856 iu
1044 2802 1123 2854 Irene
1136 2806 1164 2851 et
1181 2799 1273 2850 const.

173 2859 338 2928 meotidem
364 2863 442 2942 αὐτῷ
457 2871 586 2939 scapulos
601 2869 649 2926 nul
665 2867 815 2938 στέφανον.
848 2891 881 2926 ex
898 2871 951 2935 his,
969 2889 1036 2941 quse
1052 2867 1181 2924 Meursius
1197 2873 1225 2921 ct
1241 2881 1274 2918 ex

143 2973 147 2980 .
174 2948 207 2984 co
225 2933 366 2988 Gretserus
383 2937 417 3002 de
433 2940 522 3008 magis
538 2939 682 3009 congessit,
698 2941 774 3014 piam
790 2942 966 3014 relinquuntur
985 2948 1012 2994 et
1025 2939 1170 3011 perspicue.
1244 2997 1248 3002 ,
1324 2958 1329 2967 ·

257 3047 326 3107 hir.
338 3050 385 3113 13.
406 3047 481 3127 Equi
491 3056 624 3128 sogiucrit
633 3052 750 3112 Graecis
761 3055 874 3129 quidem
887 3054 949 3114 noti
966 3060 996 3113 et
1012 3053 1109 3113 usitati
1128 3055 1206 3129 suut,
1221 3049 1273 3108 sed

170 3130 252 3189 educi
267 3151 326 3191 non
340 3143 461 3212 possunt
478 3156 515 3198 ex
530 3137 577 3197 illa
590 3138 692 3197 Codini
707 3138 827 3199 lectione
842 3133 1029 3222 τζανμᾶριος,
1047 3139 1197 3216 quiavana
1212 3141 1272 3194 eei:

169 3213 397 3281 substituendum
414 3223 489 3282 euim
501 3222 730 3306 etuyyoipsogvel
744 3219 927 3307 τζαγκάριος.
948 3229 979 3285 et
991 3231 1024 3284 ut
1039 3224 1117 3305 prior
1134 3222 1274 3300 scriptura

78 3361 81 3368 .
169 3301 353 3381 retineretur,
366 3323 425 3366 non
441 3312 612 3403 sagmariup,
632 3313 666 3368 ut
682 3308 796 3388 Iunius,
816 3311 868 3369 sed
879 3310 973 3388 potius
983 3312 1151 3385 trcgmoriuu
1161 3311 1272 3365 verten—
1329 3313 1334 3327 ⁶

145 3447 149 3458 ,
169 3386 238 3444 dum
257 3395 347 3446 essere
371 3409 437 3451 uam
453 3395 609 3472 sagmarius
624 3393 740 3454 Graecis
764 3413 824 3454 non
842 3401 887 3454 est
901 3401 1000 3474 sutor,
1019 3413 1083 3454 cuum
1105 3409 1124 3452 a
1143 3396 1272 3470 sagmate

168 3472 312 3531 formetur.
334 3479 379 3562 est
394 3481 490 3539 eutem
509 3474 609 3561 ociypu
627 3479 672 3539 vei
691 3473 777 3560 θήκη
798 3484 854 3543 rori
871 3474 984 3556 intuo,
1003 3481 1081 3552 theou
1098 3495 1149 3536 seu
1159 3478 1273 3556 guaginus
1299 3531 1303 3546 ,

168 3575 317 3632 armorum,
351 3559 395 3619 vel
419 3581 488 3622 ouus
518 3565 629 3622 iumenti
654 3568 804 3624 sarcinarii.
842 3563 908 3628 hinc
929 3567 1069 3642 sagmaria
1089 3565 1206 3624 iumento
1226 3558 1282 3646 vel

168 3646 337 3718 ecgmutmic
351 3644 395 3704 vel
408 3651 527 3708 soororuu
542 3647 674 3728 Graecis,
695 3666 769 3726 quae
782 3650 887 3710 nostris
911 3649 1070 3722 clitellaria;
1090 3648 1129 3709 ad
1149 3662 1269 3724 quorum

167 3727 296 3789 ultimum
309 3729 409 3791 alludit
428 3752 482 3791 vor
503 3732 671 3794 Germanica
685 3755 847 3810 suum-ross,
867 3755 919 3796 seu
935 3742 968 3795 ut
984 3735 1045 3811 elii,
1066 3751 1178 3796 summer
1198 3752 1268 3806 ross,

167 3819 198 3871 et
211 3833 303 3889 soum,
323 3816 354 3875 id
373 3817 501 3879 nimiruum
514 3821 592 3895 quod
609 3819 767 3881 huiusmodi
787 3839 877 3898 equus
894 3826 996 3898 gestat
1013 3819 1131 3880 Suidas:
1154 3811 1269 3900 σαγμά·

144 3939 146 3944 ,
169 3921 220 3979 pou
232 3895 266 3962 cd
278 3901 346 3984 παρ’
364 3900 440 3983 ἡμῖν
453 3898 614 4012 λεγόμενον
624 3906 767 3984 witich,
780 3904 818 3968 col
834 3901 1016 3988 βαστάζοντα
1024 3902 1083 3985 τήν
1093 3897 1267 3980 ἆποσκενήν

168 3981 221 4045 καὶ
236 3979 293 4063 τήν
314 3990 516 4070 μετακομιὸην
532 3993 593 4052 τῶν
613 3989 788 4069 ἐπιτηδείων
815 3990 966 4051 Mauricius
994 3990 1074 4072 apud
1097 3987 1265 4066 ffigdtium:

168 4069 294 4142 totihioc
306 4065 376 4149 ἤτοι
387 4070 424 4135 ccl
440 4067 600 4158 ouypcipsu.
620 4075 702 4134 idem
716 4074 734 4135 i.
754 4079 771 4139 1
786 4095 809 4136 c.
826 4077 846 4137 6
864 4075 974 4136 dixerat
985 4076 1099 4148 ἵππους
1113 4091 1265 4153 currum·

166 4153 262 4228 diove.
282 4153 324 4214 sic
333 4155 457 4219 isidorus
465 4161 599 4220 cubadum
611 4164 775 4238 minucium
788 4160 927 4220 etmulom
936 4163 1108 4238 morium.
1129 4157 1265 4236 vegetius

164 4237 185 4296 l.
205 4242 241 4301 3:
263 4240 461 4320 impedimento,
480 4246 625 4322 sugnarii,
642 4244 747 4305 colom
761 4246 932 4324 celicoleque
947 4248 977 4306 iu
992 4245 1077 4304 medio
1096 4243 1263 4302 collocentur.

165 4343 218 4386 nec
237 4319 349 4387 Latinis
363 4327 455 4408 ignoti
469 4337 538 4393 sunt
552 4331 618 4410 equi
637 4330 777 4413 sagmari,
794 4335 830 4400 ss
847 4336 928 4414 patet
952 4327 1225 4394 exsecrandos
1243 4330 1264 4392 8
