3034 4916
296 334 370 408 sto
454 333 663 412 caussam
678 333 733 399 nr
748 329 879 400 cornu
896 329 1230 401 commutans
1314 286 1321 336 ‘³

463 497 497 564 co*
514 503 602 563 θεῖον
611 469 708 582 ’.ἔργον
726 493 839 563 tusses
854 490 1106 604 pqeplr‘xpdup,

463 591 531 660 urci
543 579 696 668 Massurii
718 577 843 664 εὐσεβής
861 606 1063 666 αυτοκρατωρ.

296 692 341 748 cst
357 686 402 745 hic
418 684 581 744 Emmanuel
599 683 835 764 antepenultimas
854 701 890 742 er
902 682 1116 762 imperatoribus
1137 680 1315 762 Cpolitanis:
1336 704 1400 744 nam

191 839 284 898 ιιι
298 772 636 922 cantitarent
648 769 784 914 ιιι
798 767 1400 915 ιιιιιιιιιιιιιι

297 945 379 1003 huius
393 942 605 1021 porphyreticae
615 875 759 1000 {olumnlle
774 875 899 998 merllinit
914 941 1007 1017 etiam,
1027 941 1126 999 eodem
1136 941 1223 999 ferme
1234 958 1291 1015 qno
1301 939 1399 1000 Dousa

298 1027 398 1106 modo,
420 1029 553 1088 Salomon
567 1027 722 1106 Swigerus,
742 1025 906 1106 praedicans
920 1025 1057 1105 Noricus,
1078 1025 1097 1085 l
1111 1032 1133 1091 2
1146 1025 1191 1083 sui
1206 1024 1398 1128 Hodoeponpi

298 1135 322 1174 c.
346 1118 394 1180 37.

385 1199 462 1268 Quid
479 1195 625 1273 acciderit,
646 1194 760 1271 qnando
782 1190 960 1254 Andronicus
981 1194 1074 1254 senior
1096 1193 1248 1272 imperator
1264 1194 1320 1273 cp.
1339 1213 1399 1252 cum

299 1284 374 1343 clero
388 1291 418 1342 et
431 1283 536 1363 populo
546 1281 673 1341 kalendis
684 1279 858 1357 Septembris
871 1282 908 1338 ad
923 1279 1079 1338 columnam
1092 1280 1319 1358 porphyreticam
1334 1299 1400 1357 sup-

299 1369 439 1450 plicabat,
458 1371 541 1426 docet
558 1385 610 1425 uos
625 1365 766 1442 Gregoras
780 1364 818 1422 ad
831 1365 934 1424 calcem
956 1365 1018 1423 libri
1038 1369 1076 1442 8,
1099 1365 1176 1422 cuius
1194 1365 1282 1424 verba
1304 1366 1399 1425 reddo.

300 1455 349 1514 sub
372 1459 496 1533 quartum
512 1451 623 1512 eiusdem
645 1450 700 1510 dici
715 1447 858 1527 (nmirum
875 1451 956 1528 primi
973 1447 1161 1530 Septembris)
1172 1451 1264 1510 hmani
1273 1495 1286 1526 ,
1317 1453 1400 1510 ruens

298 1541 464 1615 imaginibus
486 1541 567 1598 uetat
584 1554 652 1596 ruore
669 1555 726 1594 una
747 1555 806 1594 cum
823 1539 979 1613 imperatore
998 1535 1158 1615 patriarcba
1178 1541 1205 1594 et
1226 1538 1354 1616 episcopis
1366 1535 1400 1594 nd

295 1626 508 1706 porphyreticam
519 1622 665 1681 columnam
678 1622 865 1695 congregatis,
888 1625 935 1680 cui
944 1641 1022 1681 sama
1036 1641 1103 1680 crrcc
1117 1623 1234 1697 instem,
1257 1640 1318 1679 curn
1331 1624 1401 1680 amri

300 1712 392 1788 hymni
408 1712 578 1780 concreatur,
596 1725 692 1785 parem
707 1705 831 1764 alicunde
846 1706 951 1784 elapsus
970 1708 1057 1766 subito
1070 1709 1100 1765 in
1112 1706 1223 1766 medians
1229 1705 1399 1785 psallentium

301 1795 406 1852 chorum
424 1794 536 1867 insiliit,
556 1791 639 1850 multo
653 1811 729 1850 coeno
751 1793 926 1868 inquinatur,
946 1796 973 1849 et
985 1795 1061 1850 uarie
1073 1790 1124 1850 huc
1139 1796 1219 1870 atquc
1231 1791 1301 1851 illuc
1313 1811 1398 1868 uaga-

301 1887 347 1940 tur
356 1882 404 1939 six
417 1879 519 1937 mamm
531 1881 650 1937 maurit.
691 1875 946 1954 acprocrationem
966 1876 1140 1955 confusiones
1154 1877 1289 1956 quandam
1304 1873 1399 1936 Christi
1491 1911 1492 1934 l

302 1965 426 2024 matutae
438 1969 464 2022 et
470 1964 615 2043 furtinum
624 1962 776 2040 amarificare
789 1964 886 2021 uisura.
927 1960 1017 2037 qualis
1034 1962 1160 2022 cantissio
1173 1969 1205 2020 et
1216 1960 1305 2022 factio
1317 1961 1397 2042 paulo

303 2054 372 2129 post
382 2053 478 2107 secuta
490 2055 551 2126 est,
572 2052 656 2124 capta
671 2045 707 2104 ab
723 2044 885 2107 Andronico
897 2043 1008 2105 Iuniore
1018 2047 1111 2127 Cpoli.

373 2178 399 2231 p.
412 2162 446 2215 80
456 2177 483 2214 v.
494 2163 522 2217 2.
540 2153 626 2214 lurica
641 2154 807 2242 asumptum
822 2154 1012 2229 ἀκολουθίαν]
1028 2165 1127 2230 purtem
1144 2159 1198 2215 eins
1209 2127 1292 2215 habes
1303 2159 1331 2214 in
1346 2159 1397 2212 En-
1491 2191 1492 2198 ι

303 2226 423 2299 chologio
442 2236 529 2284 nostro
546 2229 592 2282 tol.
610 2230 663 2284 810
679 2234 706 2283 et
722 2245 748 2280 ιιι
765 2229 874 2282 Menses
901 2233 916 2284 1
944 2230 1104 2300 Septembris
1125 2229 1180 2284 eius
1195 2229 1343 2283 memorium
1357 2245 1396 2281 ce·

302 2300 419 2386 lebrapts
435 2299 473 2352 his
491 2299 591 2386 verbis-e
616 2289 634 2364 ἡ
654 2289 686 2382 d}
703 2297 754 2351 cori
781 2293 940 2383 tuupnoppri
962 2295 1055 2382 ψήμη
1079 2287 1128 2352 deal
1146 2292 1180 2353 cel
1196 2299 1337 2370 συμβῆναι
1352 2289 1396 2382 decl

302 2359 1396 2506 tt?tt‘ltttttt*tillit‘ttttltltt.tttlttttttttttttttl

302 2508 354 2576 seir
369 2504 475 2630 rtrdteac
488 2499 537 2562 trel
552 2455 657 2576 lutam
672 2498 753 2562 ἑπτά.
768 2505 900 2561 cedrenus
923 2506 957 2560 ds
977 2505 1021 2559 illc
1046 2463 1165 2560 irlceudio
1190 2507 1217 2560 in
1241 2505 1331 2560 Leone
1346 2521 1396 2557 ms·

301 2593 413 2633 mers-o.

388 2665 425 2725 ib.
446 2683 471 2723 v.
496 2660 524 2726 5.
564 2661 705 2721 celebrant
723 2661 823 2720 Graeci
841 2661 895 2721 hoc
912 2663 1016 2722 festum
1032 2683 1095 2722 cum
1107 2661 1217 2723 Latinis
1233 2668 1253 2730 8
1271 2666 1395 2744 Septent-

303 2749 369 2807 bris.
412 2749 442 2806 in
454 2749 623 2806 monasterio
636 2747 715 2806 Libis
724 2747 851 2826 sepultus
862 2754 906 2807 est
915 2747 1093 2808 Andronicus
1108 2750 1218 2827 senior,
1239 2749 1305 2809 olim
1314 2751 1395 2827 impe

280 2893 282 2898 ,
303 2839 399 2916 rator,
420 2834 471 2892 sed
491 2834 634 2892 biennium
651 2841 718 2892 ante
727 2835 801 2892 vitae
811 2833 895 2893 finem
909 2834 1070 2894 monachus.
1112 2835 1227 2895 mdoaer
1241 2840 1298 2895 nur
1308 2840 1336 2894 in
1348 2834 1395 2892 1ιί-

303 2917 345 2976 bir
358 2923 542 2978 monasterium
554 2924 593 2976 est
602 2919 753 2996 perlatum,
775 2919 844 2996 qaod
858 2925 941 2978 mater
950 2924 1008 2979 etur
1024 2921 1129 2980 braina
1140 2919 1280 2980 Theodora
1292 2938 1396 2980 sesma-

302 3006 366 3077 sal,
386 3003 478 3076 inquit
491 3002 634 3080 Gregoras
651 3008 774 3062 extremo
788 3002 805 3061 l.
818 3007 838 3066 9
853 3023 920 3064 suae
936 3004 1077 3064 historiae.
1118 3006 1217 3063 eadem
1229 3005 1394 3064 iermeCnn·

303 3093 456 3146 tacnzeuus
480 3081 499 3145 l
520 3084 571 3150 40.
620 3087 737 3146 observa
759 3087 870 3147 lunium
891 3090 964 3150 mala
981 3089 1038 3149 fide
1058 3084 1157 3168 μονήν
1177 3097 1288 3150 vertere
1304 3090 1394 3158 cedat,

304 3192 368 3232 cum
383 3173 422 3231 sit
440 3175 641 3231 mansan:
665 3179 736 3230 errat
749 3177 890 3254 interpres,
915 3175 969 3236 hoc
983 3181 1029 3236 est
1046 3175 1159 3254 lunius,
1178 3180 1227 3256 qui
1237 3177 1327 3238 adun
1339 3173 1395 3235 red·

304 3257 361 3332 dit,
381 3258 472 3335 inquit
484 3258 603 3336 ipsemet
615 3257 764 3317 Meursins.

372 3370 408 3423 ib.
425 3387 450 3424 s.
463 3373 489 3424 6.
506 3372 686 3426 monasterinm
704 3388 720 3424 n
735 3370 873 3426 Theodora
888 3371 1023 3430 Michaelis
1043 3373 1192 3444 Pslseologi
1215 3391 1299 3429 uxore
1320 3389 1393 3444 reps-

305 3443 402 3505 mtnm,
419 3438 464 3491 ubi
481 3440 532 3493 sihi
543 3442 686 3512 sepulcrum
699 3440 851 3495 instauravit
868 3441 936 3496 tilius
952 3442 1126 3508 Andronicus,
1142 3449 1170 3496 et
1186 3443 1294 3498 inferias
1309 3459 1394 3497 novem

306 3508 397 3562 diebus
413 3509 530 3576 (numero
545 3511 650 3563 mortuis
666 3511 764 3580 dicato)
781 3509 890 3580 persolvi
912 3513 1049 3566 mandavit.
1074 3513 1207 3581 Gregoras
1224 3513 1257 3566 sd
1276 3513 1295 3568 l.
1312 3513 1329 3566 9
1345 3512 1393 3564 cal·

306 3595 374 3632 cem:
393 3571 425 3630 cri
442 3571 549 3666 ipsiusne
565 3573 664 3662 usuaria
680 3577 720 3666 eie
736 3575 788 3664 palu
802 3574 891 3647 pour
913 3583 966 3667 apri
986 3576 1073 3703 Apide
1094 3575 1310 3668 ὴικεήημὲῃν
1324 3575 1392 3664 ἄπήῑ

446 3641 525 3770 ui
546 3649 917 3786 ιιιιιιιιιι
927 3665 1108 3774 tituta·
1121 3645 1395 3774 ttamen

306 3786 393 3838 tuerat
415 3801 486 3854 prius
507 3793 664 3846 exstructum
689 3788 777 3842 Leone
797 3787 833 3842 Sa
851 3788 919 3841 iente
940 3788 1090 3858 imperante.
1115 3789 1304 3856 Grammaticus
1328 3789 1395 3842 hear

306 3851 386 3908 Aaou
404 3850 419 3907 ὁ
437 3848 656 3925 patriciacensi
675 3859 887 3911 Kmrotuucauoo
902 3855 955 3909 τοῦ
971 3853 1058 3929 Aulide
1073 3851 1104 3911 ἓν
1120 3857 1156 3929 τῇ
1171 3857 1245 3928 μονῇ
1260 3859 1297 3928 τῇ
1311 3852 1394 3910 arlreri

305 3923 343 3990 τῇ
359 3917 428 3994 οὔσῃ
445 3918 475 3976 ἐν
492 3923 533 3992 soi
547 3921 754 3998 Mepdasuuripp
770 3927 827 3980 sosi-
837 3921 870 3981 τὰ
892 3927 1009 3996 ποιῆσαι
1024 3921 1061 3983 τὰ
1078 3921 1203 3997 turdum
1219 3923 1269 3981 sat
1284 3921 1395 3997 ἀριστῆ-

304 4005 352 4043 seu
367 3989 557 4062 προσεκλήθη.

390 4079 427 4142 ib.
447 4098 474 4140 v.
494 4086 524 4145 7·
552 4081 582 4140 S.
601 4079 736 4142 Demetrii
755 4085 900 4167 martyris,
924 4085 969 4144 cui
990 4089 1207 4163 cognomentum
1226 4082 1393 4163 Myroblyta

303 4159 407 4220 testum
416 4164 558 4226 celebrant
567 4166 668 4227 Graeci
681 4173 722 4233 26
738 4169 878 4230 Octobris.
919 4170 1049 4250 hocergo
1066 4171 1112 4229 die
1125 4171 1276 4250 imperator
1288 4173 1324 4231 ad
1337 4188 1393 4228 mo
1484 4227 1485 4238 ,

301 4247 458 4392 ἓιεὶειὲιιιιι
466 4252 644 4314 inhonorem
657 4255 688 4315 S.
701 4253 837 4316 Demetrii
849 4275 868 4318 a
881 4255 1054 4344 Palaeologis
1067 4256 1243 4320 aedificatum
1252 4275 1314 4318 sese
1329 4272 1392 4314 con-

315 4348 361 4388 ere
381 4348 398 4389 a
