2942 4916
486 318 533 395 ΙΝ
553 317 700 387 CODlNl
722 317 806 386 GdP.
832 319 875 386 V.
953 413 958 430 Ι
1160 322 1234 394 259

206 481 243 538 o.
258 498 286 535 v.
304 481 331 534 2.
357 473 373 534 ό
390 472 475 550 μέγας
490 473 742 600 πρατοπεδάργης]
758 479 808 534 boo
819 473 874 566 δῖοι
885 479 972 535 afficto
986 475 1103 539 Zonarss
1119 484 1234 540 celebrat

137 552 165 606 in
183 550 329 620 Nicephoro
349 549 449 603 Phocus
472 550 583 617 Πετρον
597 543 680 617 ἐκτομ
692 567 736 617 αν,
753 551 923 619 δραστηριον
938 545 972 604 δέ
988 568 1018 618 γε
1033 550 1082 605 καὶ
1100 549 1114 608 ἐ
1134 554 1232 626 pertici,

137 617 188 674 καὶ
204 615 299 688 άργιιν
318 613 415 672 εἰδότα
430 621 604 686 στρατιωτῶν
621 615 865 689 στρατοπεδάρχην
881 613 1038 688 όνομάοοις,
1056 617 1092 674 ἶν’
1109 572 1143 678 όν
1157 626 1235 677 Krtr-
1294 659 1299 667 -

137 689 188 760 κίμ
204 689 269 757 δοίη
285 684 378 759 χώραν
394 687 431 757 τῇ
444 689 561 760 στρατιᾷ
576 681 627 741 τόν
652 689 754 756 esposse
768 688 921 758 διαγαγεῖν.
956 687 1056 742 isidem
1067 688 1233 762 'videtursriv

138 758 192 812 τοῦ
207 754 331 827 χάρακος
345 749 506 811 ἐπιστασίαν
525 758 619 810 πάσαν
634 705 851 825 ότιμεΙοόμενος.
886 756 1063 827 curopalates.

224 865 262 925 it.
283 881 309 921 v.
324 865 351 924 3.
373 863 490 937 ποτόν,
506 867 584 940 potus
605 879 653 918 seu
666 859 894 942 poculentorum,
914 881 972 922 non
991 863 1111 939 noddo,
1133 869 1167 922 ut
1186 861 1234 921 Iu·
1273 929 1275 932 ¹

139 948 220 1025 nius,
243 949 292 1022 qui
309 949 484 1006 instromenta
499 947 592 1006 vertit
612 946 662 1004 sed
678 946 760 1006 lectio
782 957 881 1008 nostre
902 949 1079 1008 confirmetur
1100 967 1134 1007 ex
1155 950 1233 1007 codi-

138 1033 218 1092 cibus
238 1032 379 1091 Bovaricis
400 1037 430 1090 et
449 1030 654 1104 Lautherian03
679 1037 709 1090 et
732 1052 776 1091 res
797 1054 849 1114 per
868 1051 899 1092 se
919 1033 992 1094 clara
1009 1039 1071 1110 est,
1092 1034 1234 1110 quianon

138 1119 231 1178 minus
244 1118 397 1177 curandum
412 1121 457 1176 est
472 1123 505 1176 ut
518 1116 646 1178 exercitui
665 1136 723 1177 non
743 1119 817 1178 desit
836 1125 923 1200 potus
939 1138 1023 1196 quem
1035 1123 1069 1177 ut
1086 1137 1144 1178 non
1162 1119 1235 1178 desit

136 1204 225 1263 cibus.

208 1300 244 1354 s’t.
258 1317 286 1352 v.
304 1300 332 1354 4.
348 1293 388 1362 τός
404 1294 458 1366 τήν
473 1295 657 1368 παράστασιν]
672 1299 781 1352 omnium
797 1298 841 1370 qui
852 1297 991 1368 dignitates
1002 1305 1030 1352 et
1040 1299 1126 1354 officia
1135 1305 1235 1368 tenent,

140 1370 211 1424 circa
228 1369 404 1438 imperatorem
421 1369 447 1421 in
464 1369 528 1422 solio
544 1369 687 1432 sedentem,
706 1386 761 1422 cum
780 1368 890 1422 vestium
909 1375 1034 1441 apparatu
1052 1377 1080 1423 et
1095 1369 1236 1438 insignibus

140 1447 214 1494 stans
228 1440 380 1505 famulatus
395 1445 436 1491 est
451 1434 631 1506 παράστασις.
665 1437 863 1506 δουλοπροπιός
877 1433 1049 1504 παρεστάναι
1066 1438 1167 1508 scripsit
1184 1439 1237 1491 Ni·

141 1514 214 1560 cetas
232 1509 258 1560 in
278 1508 376 1562 isaacio
393 1508 505 1576 Angelo,
525 1514 552 1560 et
571 1507 671 1560 iterum:
690 1504 720 1560 οἱ
725 1501 860 1576 Ῥωμαῖοι
870 1507 1117 1573 παραστατοόντας
1127 1504 1236 1576 ἔχουσιν
1283 1529 1290 1548 ι

141 1570 278 1638 ἅπαντας.
312 1578 339 1630 in
357 1575 446 1630 Alexio
461 1576 589 1630 secundos
612 1570 687 1644 εἶγον
702 1571 790 1639 εὐθὺς
805 1570 871 1637 toric
883 1576 1075 1645 παραστάτας,
1092 1575 1141 1630 καὶ
1162 1571 1237 1630 door-

139 1662 194 1712 περ
211 1639 306 1716 ἐκείνῳ
324 1641 495 1713 συνήδρευον
511 1640 560 1698 διδ
577 1640 672 1714 γένους
689 1640 868 1713 1αμπρότητοι
884 1643 932 1697 καὶ
949 1639 1114 1714 ἀξιωμάτων
1137 1643 1234 1714 σεμνό-

139 1732 228 1782 τητα,
245 1707 399 1781 ὁμοφώνως
414 1708 631 1781 ἀνακραγόντος.
666 1712 765 1782 imperii
781 1722 863 1766 tamen
880 1713 994 1781 collegae
1004 1715 1125 1768 assident.
1158 1715 1236 1768 Luit·

139 1781 253 1854 prsndus
271 1782 464 1850 delegatione:
499 1782 622 1836 sedebant
637 1784 674 1835 ad
694 1783 827 1836 sinistram
843 1799 897 1834 ooo
915 1783 944 1832 ta
959 1783 1050 1836 ecdem
1072 1785 1162 1849 llaec,
1190 1783 1236 1836 scd

140 1853 221 1920 longe
232 1853 350 1904 deorsam
361 1853 411 1903 duc
420 1852 529 1918 parvoli
538 1853 713 1920 imperotores.
736 1852 819 1921 potuit
830 1858 856 1903 et
867 1850 965 1903 Caesar
975 1852 1127 1921 quandoque
1137 1851 1236 1908 sedere·

134 1921 316 1988 Theophanes
330 1920 357 1974 in
382 1919 506 1972 Michaele
528 1921 679 1990 Theophilis
705 1915 875 1986 sesostres
900 1919 1040 1986 Καίσαρος
1062 1921 1105 1993 τῷ
1129 1920 1238 1990 βασιλεῖ
1322 1941 1324 1946 ·

138 1985 348 2054 προσελθόντος
374 1985 593 2057 σογκαδίσαντός
618 2007 648 2043 τε
668 1986 717 2042 καὶ
737 1988 973 2058 ουνομιλοῦντος.’
992 1989 1095 2042 licuisse
1116 2005 1234 2041 nonuun-

139 2073 218 2127 quam
236 2056 292 2109 aliis
312 2057 403 2110 sedere
415 2059 466 2125 τῆς
480 2051 631 2127 ἐπιτροπῆς
653 2053 814 2127 γενομένης,
837 2058 969 2128 ipsumque
988 2058 1089 2128 imperii
1111 2058 1236 2128 collegam

139 2127 292 2196 quandoque
308 2126 426 2193 stetisse,
450 2135 538 2180 narrat
554 2127 748 2180 Cantecuzenus
767 2133 781 2181 1
800 2128 816 2181 8
861 2129 911 2179 hoc
928 2127 1056 2180 assidendi
1074 2128 1114 2180 ius
1130 2126 1237 2198 pontiti-

139 2211 186 2250 ces
201 2197 317 2248 Graecos
332 2198 365 2249 sb
379 2194 524 2249 Andronico
543 2198 702 2265 postulasse,
725 2211 805 2267 eoque
824 2195 885 2248 licet
901 2197 1006 2249 obtento
1022 2196 1130 2250 ridicule
1148 2197 1236 2267 priva-

139 2272 198 2329 tos,
212 2265 278 2318 libro
295 2265 365 2318 vitae
382 2264 437 2318 eius
453 2266 470 2318 3
489 2264 595 2320 Nicetes
614 2264 733 2320 ostendit.
768 2265 801 2318 de
816 2263 965 2334 patriarche
980 2283 1065 2320 coram
1080 2265 1236 2336 imperatore

138 2333 246 2389 sedente
265 2350 311 2388 suo
327 2334 384 2388 loco
401 2333 509 2388 dicetur.

224 2442 261 2504 ib.
281 2459 308 2500 v.
331 2443 379 2504 12.
400 2439 600 2521 hyperpyrum]
627 2446 756 2502 monetae
774 2459 872 2519 genus.
897 2439 1011 2500 indocte
1031 2437 1127 2499 lunius
1150 2438 1237 2502 aelam

139 2531 167 2584 et
189 2526 350 2586 involucrum
370 2527 464 2586 coloris
483 2531 565 2604 ignei.
592 2526 677 2604 longe
701 2529 823 2586 deterius
844 2525 1028 2586 Leunclevius
1046 2527 1076 2583 in
1095 2525 1237 2603 legatione

138 2611 179 2670 ad
192 2609 353 2689 Armenios,
366 2612 414 2670 ubi
427 2613 498 2672 haec
511 2613 678 2690 Theorieni‚
694 2614 742 2688 qui
757 2612 923 2692 Cpolitenus
935 2612 1047 2690 legatus
1059 2611 1130 2687 fuit,
1150 2609 1237 2669 verba
1333 2659 1335 2663 ,

137 2696 285 2774 leguntur:
307 2695 438 2761 ἔστωσαν
458 2697 499 2772 τός
519 2698 552 2762 ἐν
567 2697 713 2760 όποθὲσει
725 2696 885 2780 όπέρπνρα
897 2700 980 2780 τρία,
1000 2701 1071 2776 μιᾶς
1085 2693 1158 2758 όντα
1172 2691 1238 2774 φό-

99 2823 101 2826 -
140 2799 232 2856 σεως,
258 2788 372 2863 χρυσοῦ
396 2777 544 2864 δηλονότι.
574 2780 628 2846 ἐάν
654 2774 711 2845 oris
734 2777 850 2846 τοότων
870 2784 906 2845 ἓν
928 2781 1126 2864 ποραιιτήσω,
1155 2779 1237 2844 ἔσται

137 2861 263 2940 πάντως
275 2863 310 2930 τό
325 2867 596 2951 πεπυρακτωμένον
613 2861 668 2930 δόο
684 2867 821 2947 (priseos,
842 2866 965 2951 λέγωδὲ
983 2862 1080 2948 πυρός
1100 2864 1152 2928 καὶ
1166 2889 1238 2948 γρυ-

139 2956 208 3016 σοῦ.
220 2947 292 3022 ,εἶτα
309 2949 425 3028 ἒνάσος
442 2960 529 3017 τοῦτο
550 2959 614 3028 τοῖς
632 2959 750 3028 λοιποῖς
770 2953 839 3017 δυσὶ
856 2959 921 3028 τοῖς
940 2948 982 3036 μὴ
1002 2949 1234 3034 πεπυρακτωμέ·
1249 2957 1273 3012 Ρ
1289 2957 1341 3011 208

138 3061 221 3113 νοις,
243 3037 344 3120 ἔρωτά
360 3035 442 3103 πόσοι
456 3045 515 3102 νῦν
539 3037 597 3102 stol
611 3043 705 3101 ταῦτα
727 3036 764 3104 τά
777 3038 952 3122 όπὲρπυρα;
973 3040 1041 3121 τρία
1060 3036 1102 3112 alc
1121 3033 1238 3122 πρῴην,

137 3117 410 3203 destupesco
432 3129 489 3188 cori
509 3121 602 3208 πὐρός
622 3123 757 3206 ἐγένοντο
780 3123 922 3208 τέσσαρας
943 3144 1015 3200 quae
1033 3123 1171 3200 interpres
1198 3123 1240 3182 ite

139 3209 241 3267 vertit:
262 3213 317 3269 sint
336 3216 399 3274 tria,
414 3211 458 3270 lic
480 3209 553 3270 velut
565 3215 629 3288 tg'rse
640 3215 763 3288 potiora,
784 3230 899 3290 prorsus
923 3209 1031 3270 inscite.
1059 3210 1240 3268 vertendrun:

135 3293 274 3373 faciamus
293 3295 336 3354 hic
358 3300 414 3357 tric
429 3316 483 3356 csse
497 3298 661 3375 hyperppro,
685 3300 766 3356 onias
789 3303 903 3357 naturae
918 3315 964 3355 sea
981 3299 1122 3369 matrone,
1142 3313 1243 3353 coreas

140 3380 214 3438 υωόι·
225 3385 329 3456 gratia
350 3385 481 3458 eiigitur
500 3402 582 3441 πονοι
603 3401 636 3440 αα
657 3381 698 3440 lis
718 3386 850 3458 ignescere
862 3381 984 3458 saetam,
1007 3384 1108 3438 omnino
1122 3383 1240 3456 ignitum

139 3464 212 3524 illud
229 3465 331 3524 duobos
347 3470 453 3526 naturis
468 3468 607 3539 constabit,
628 3485 661 3526 ccc
676 3471 740 3544 tgoc
753 3467 877 3526 videlicet
894 3471 921 3524 st
934 3486 1007 3526 οιαο.
1028 3471 1054 3526 σι’
1073 3465 1165 3525 deinde
1180 3463 1241 3524 alin

140 3549 195 3610 όαο
208 3571 260 3609 non
272 3554 362 3628 ignita
381 3552 561 3626 adiicientes,
586 3572 683 3630 quaero
702 3559 765 3630 quot
784 3573 854 3611 παοο
875 3554 929 3610 sint
958 3552 1038 3612 huius
1057 3553 1161 3628 generis
1186 3549 1244 3627 Ity-⁴

136 3636 275 3714 perpyra?
294 3635 447 3717 (interpres
462 3643 586 3716 quotncm
598 3642 653 3696 sict
666 3636 730 3698 boec
743 3637 857 3714 ignita?
876 3636 964 3696 male:
985 3655 1072 3695 nuum
1084 3635 1159 3693 enim
1175 3639 1241 3692 tan-

139 3723 291 3780 tummodo'
307 3722 490 3802 hyperpyron
510 3723 630 3800 ignitum
653 3727 698 3779 est
717 3741 752 3780 ex
770 3721 922 3800 hypothesi
945 3721 1034 3801 facta)
1055 3739 1119 3779 com
1138 3722 1193 3777 tria
1209 3722 1242 3774 ut

139 3814 238 3883 actea,
258 3827 295 3864 an
301 3814 406 3886 propter
418 3814 544 3866 caturam
557 3811 630 3884 igor's
640 3807 723 3886 sacta
737 3816 800 3865 sant
814 3809 961 3886 quattuor?
979 3807 1009 3864 in
1023 3806 1143 3864 eundem
1163 3821 1241 3862 erro-

140 3910 202 3950 rem
214 3892 313 3951 incidit
331 3893 407 3952 idem
420 3892 559 3972 interpres
573 3892 621 3951 sol.
638 3894 715 3970 114,
736 3893 785 3950 ubi
798 3896 858 3954 cdiv
876 3887 1056 3975 όπερπόρων
1070 3889 1156 3948 vertit
1168 3891 1242 3964 s'gats

140 3980 322 4056 ripariorum,
341 3979 448 4054 absque
462 3978 519 4038 ullo
532 3997 632 4037 sensu:
654 3980 820 4037 vertendum
832 3978 905 4036 enim
915 3979 1128 4058 hyperpyroram.
1148 3991 1243 4048 neque

139 4063 255 4122 nomine
267 4061 371 4123 Latino
385 4065 440 4124 hoc
451 4071 581 4124 monetae
600 4082 691 4140 genus
704 4064 821 4142 exprimi
834 4068 939 4142 potest.
958 4063 988 4118 in
1009 4057 1152 4119 Pandecte
1166 4059 1243 4117 Tur-

140 4148 200 4205 cico
219 4155 296 4206 recte
316 4149 353 4207 de
369 4150 536 4228 hyperpyris
558 4149 654 4206 scribit
674 4146 868 4207 Leunclavius.
895 4149 946 4206 sed
973 4147 1018 4204 hic
1044 4149 1142 4204 tentus
1165 4163 1243 4203 error

142 4234 318 4310 detegendas
341 4235 413 4312 fuit,
433 4235 538 4310 nequi
558 4235 587 4292 in
611 4251 733 4292 errorem
754 4234 929 4292 inducentur.
955 4231 1021 4292 hinc
1048 4231 1244 4312 hyperpyrcrir'‚

145 4319 196 4386 ‘1¹¹¹
215 4321 363 4400 ‘superpatre
381 4320 480 4381 tributi
500 4319 613 4381 nomine
625 4317 746 4384 solvunt.
767 4319 832 4378 vide
845 4335 920 4394 quse
943 4318 1061 4378 diximus
1082 4320 1189 4382 tom.,3
1206 4315 1243 4372 de
