3034 4916
490 327 537 397 Ill
548 327 698 398 GODINI
718 328 804 397 CAP.
823 319 903 398 XV.
1044 315 1047 322 ⁵
1166 327 1241 402 ³47

144 490 203 545 olim
219 488 320 562 scriptis
336 487 453 545 donum
467 507 534 544 noce
550 488 677 546 laboribus
695 491 869 545 insectantium
890 489 978 546 hahita
999 490 1105 546 solemni
1121 490 1171 545 ritu
1189 509 1243 548 ms·

143 559 240 626 moria,
260 559 391 613 recensitis
415 559 490 612 etiam
518 560 666 615 haeresibus
686 560 749 632 ipsis
771 577 803 614 ac
823 575 947 632 perverso
979 562 1100 630 cuiusque
1124 561 1245 630 dogmate

144 629 289 699 publicato,
306 628 403 690 cunetis
419 634 460 682 ter
483 623 616 696 άνάθεμα
631 630 785 696 inclamant,
807 636 835 682 et
859 628 1043 682 haereticorum
1063 629 1172 683 omnium
1195 647 1245 684 no·
1334 625 1343 640 ⁸

143 715 201 750 nou
218 704 399 752 exsemanturt
423 696 461 749 ita
477 697 571 750 dieitur
587 693 620 752 sd
644 693 793 752 συνοδιιιδν
816 699 866 766 τῆς
890 691 972 766 δρίας
985 695 1034 751 καί
1052 695 1244 768 οίιιουμευιιιῇς

144 757 265 890 §dipping
279 761 402 820 συνόδου
418 760 668 836 ἀναγινώσκεσθαι.
686 767 822 823 ridendum
838 767 972 822 Triodiuut
988 782 1039 837 quo
1056 765 1183 836 integrum
1199 786 1244 822 re·

161 850 250 890 enur.

141 851 160 906 P
209 904 275 959 ibid.
308 900 429 973 ἵσταται]
445 901 505 956 ride
520 901 697 973 imperatorem
714 903 838 958 ecclesiae
855 903 961 957 dennis
975 905 1149 956 venerantem.

226 1011 256 1078 p.
270 991 388 1056 82r.7.
412 991 501 1071 pridie
521 991 676 1072 palmarum
695 992 790 1070 agtus
810 1012 828 1051 a
848 990 964 1054 Graecis
984 991 1171 1050 anniversario
1184 1009 1244 1050 me-

142 1074 233 1136 moria
252 1079 407 1136 remusati
425 1077 548 1138 Lucri:
577 1078 636 1136 eius
662 1077 691 1136 in
717 1079 853 1137 honorem
873 1075 1010 1156 templum
1028 1077 1164 1135 exstruxit
1182 1073 1245 1134 Leo

142 1160 330 1239 Philosophus
350 1161 502 1240 imperator
518 1168 594 1223 teste
613 1163 742 1242 Zouara,
763 1168 799 1223 ct
820 1163 852 1223 iu
879 1182 914 1225 ee
934 1180 1044 1223 sacrum
1063 1162 1123 1221 eius
1141 1179 1244 1241 corpus

141 1265 178 1306 ex
198 1246 295 1324 Cypro
315 1247 483 1307 translatum
501 1248 637 1309 condidit.

209 1344 275 1397 ibid.
309 1343 430 1416 δικαίου]
448 1348 540 1400 ουσιαι
558 1362 644 1400 omnes
660 1345 687 1399 in
703 1345 791 1400 variat
806 1345 902 1402 classes
920 1343 1071 1400 distribuunt
1088 1341 1194 1397 Graeci.
1215 1345 1244 1396 et

142 1415 214 1466 certa
231 1415 374 1480 nonnullis,
392 1425 422 1468 ut
438 1416 558 1469 Bernaba
574 1417 645 1468 huca
661 1415 808 1499 Stephano,
832 1416 1002 1485 apostolorum
1018 1413 1126 1480 eollegio
1146 1427 1243 1466 connu-

141 1481 262 1548 meratis,
280 1481 335 1534 aliis
352 1484 428 1537 etiarn
447 1480 635 1538 ίοαποσιάλοιν
651 1500 752 1538 nomme
776 1484 922 1550 honoratis,
941 1484 1097 1550 subiungunt
1112 1476 1244 1549 ίερομάρ-
1360 1509 1368 1528 ι

141 1568 230 1618 συρας
248 1551 382 1618 pontifices
399 1553 472 1606 simul
489 1559 516 1608 et
533 1560 673 1624 martyrem
697 1569 756 1606 mox
769 1550 911 1621 μάρτυρας
922 1552 1048 1622 (intellige
1060 1545 1151 1611 λιποάς
1162 1550 1261 1602 nudos·

141 1636 174 1672 ⁸⁰
189 1618 882 1751 titulis)olli{institututum
896 1619 1245 1742 lllllllillltul

141 1705 239 1838 {xmp
251 1705 345 1818 ὁδίους
365 1759 516 1818 monachari
533 1708 661 1817 chouno}
672 1709 764 1822 iustae,
778 1709 847 1825 δυσί
854 1759 1013 1811 οοιιίοοοοιει
1030 1757 1108 1822 vulgo
1123 1756 1244 1818 dicimust

140 1821 744 1962 tltittttgiilniiintituli
760 1825 873 1895 ἡδίω
887 1824 962 1880 “⁵²⁰¹
985 1843 1018 1879 ⁸⁶
1035 1830 1175 1892 ‘W‘
1193 1842 1243 1893 ⁷²²·

210 1995 249 2050 il.
264 2012 292 2048 r.
303 1997 327 2054 8.
345 1989 388 2049 ἐπ’
405 1990 521 2065 ὀνόματι
538 1991 626 2050 adsoni
641 1991 745 2067 μονήν]
762 1996 833 2050 euius
850 1996 1009 2050 fundatorem
1034 1995 1146 2050 Leonem
1164 1995 1245 2064 Sapi-

141 2068 225 2118 entem
242 2065 323 2117 refert
338 2064 404 2118 alius
420 2065 475 2118 Leo
494 2065 678 2119 Grammaticus
694 2066 720 2118 in
739 2065 792 2119 eius
808 2066 870 2124 rita.
889 2061 993 2119 ἔκτισεν
1008 2059 1023 2117 δ
1036 2061 1114 2118 Λέων
1126 2059 1166 2126 είς
1176 2060 1244 2127 rode

141 2129 305 2202 λεγομένους
322 2130 433 2196 Τόπους
449 2129 500 2187 τδν
516 2131 597 2204 άριον
613 2131 759 2203 Λάζαρον,
776 2131 984 2195 κατασκευάσας
1000 2129 1090 2202 μονὴν
1107 2127 1243 2202 άνδρείαν

140 2199 302 2270 εὐνούχων,
320 2198 393 2256 ἔνθα
412 2201 527 2257 καὶτοῦ
545 2197 627 2272 άμίου
644 2200 776 2270 Λαζάρου
794 2205 832 2256 σά
852 2221 871 2256 α
892 2199 942 2257 καί
962 2203 1080 2270 Μαρίας
1102 2204 1153 2267 τῆς
1177 2205 1245 2256 Μα-

140 2270 283 2341 ρδαληνῆς
299 2266 469 2339 ἀνακομίσας
484 2267 621 2342 diuidere,
639 2269 759 2340 ποιήσας
773 2268 809 2325 τά
837 2271 948 2338 ρκαίνια
965 2269 1014 2325 καὶ
1030 2272 1082 2338 τῆς
1098 2267 1185 2340 αὐτῆς
1198 2267 1243 2324 dn·

141 2340 263 2408 πλησίας.
282 2334 488 2416 ἀσχολουμένου
505 2336 537 2394 nl
554 2341 605 2394 τοῦ
628 2337 727 2395 στόλου
746 2335 787 2402 είς
809 2337 846 2394 τά
870 2339 1003 2426 πείσματα
1026 2341 1081 2394 πάν
1106 2336 1244 2394 τοιούτων

140 2393 291 2478 &sinordis
307 2405 479 2478 παρελήφθη
498 2401 529 2464 ἔν
545 2409 658 2483 Σικελίᾳ
674 2404 706 2464 ιδ
728 2403 901 2479 Ταυρομένιν
916 2401 973 2462 und
989 2407 1045 2460 τῶν
1058 2403 1172 2476 Ἄφρων.

210 2510 246 2564 ib.
263 2526 290 2567 v.
303 2511 345 2566 11.
363 2505 414 2573 σάς
430 2509 576 2581 γινομένας
593 2504 623 2565 ἐν
639 2511 698 2572 τοῖς
713 2509 908 2578 μονασπηρίοις
924 2501 1035 2578 ἑορτάς]
1047 2510 1069 2561 si
1086 2511 1116 2563 S.
1129 2509 1245 2581 Sophiae

141 2579 316 2649 apostolorum
340 2579 590 2651 blachernarumqus
611 2578 750 2649 dempseris
782 2578 918 2643 ecclesias,
943 2578 1006 2631 alias
1029 2579 1070 2630 hic
1093 2579 1245 2644 recensitus,

140 2649 183 2772 ff,
192 2665 309 2732 quares
324 2648 460 2771 depotione
476 2651 581 2790 οιιαὲἓξέι
596 2647 956 2776 dissbmffifflemss’
972 2647 1108 2770 ιιοοιιεοίιιίἔ
1122 2649 1245 2770 laissigtns-

210 2734 496 2803 comparaturum
576 2734 662 2776 nsua
834 2733 920 2786 ,unu
956 2733 972 2769 e
1005 2733 1076 2770 aca
1106 2734 1176 2770 orcas
1216 2732 1244 2770 es

141 2787 497 2989 ωῃπδδῖΐίέιθλῖρὶίδὲ]
520 2863 618 2935 reglum
640 2862 761 2918 vexillum
789 2861 943 2935 imperatore
973 2863 1080 2918 absente
1104 2861 1242 2931 obliquum,

141 2948 249 3005 praesen
293 2950 322 2986 re
367 2952 390 2987 m
450 2953 518 2989 eur.

210 3017 246 3071 ih.
262 3035 288 3073 v.
300 3021 344 3075 16.
362 3013 461 3074 άπυειν
479 3013 613 3088 λαμπάδα
629 3012 675 3071 ἐπὶ
690 3015 743 3070 rosi
758 3014 909 3088 διβελλίου]
935 3015 997 3086 quid
1012 3015 1074 3070 illud
1098 3015 1180 3080 ritus,
1198 3033 1243 3068 oc-

141 3103 213 3140 renm
226 3088 266 3140 rel
278 3088 416 3159 lampadem
433 3091 459 3142 in
478 3089 571 3142 vexillo
589 3085 751 3140 accenderet
768 3103 826 3140 uum
842 3091 913 3140 reete
929 3085 1037 3152 arioler,
1054 3085 1135 3138 emico
1152 3085 1243 3149 lector,

140 3155 220 3208 iudex
236 3165 300 3210 esto.
316 3158 342 3211 ia
358 3158 443 3213 aeneis
460 3157 549 3227 liguris
566 3157 625 3210 huic
644 3155 717 3227 operi
732 3155 841 3224 sparsim
859 3155 982 3225 appositis
1004 3155 1165 3222 (describunt
1182 3153 1244 3206 illas

142 3226 303 3278 Graecorum
319 3226 500 3297 imperatorem
518 3228 638 3280 loannem
657 3225 770 3278 ultimum
788 3224 820 3278 ad
845 3223 1018 3276 Florentinum
1045 3222 1168 3290 synodum
1194 3223 1245 3276 iter

141 3292 288 3360 habentem)
307 3294 339 3346 ad
349 3296 416 3348 latus
426 3296 587 3367 imperatoris
602 3294 711 3348 sedentis
730 3292 757 3344 in
775 3292 872 3346 triremi
886 3290 1020 3356 vexillum,
1037 3291 1153 3361 superius
1170 3307 1186 3343 a
1204 3307 1246 3344 me

141 3356 283 3436 διβέλλιου
298 3363 451 3418 nominatum
465 3383 487 3422 c.
502 3364 591 3418 ὃμοια
602 3363 635 3416 ad
644 3381 671 3433 p.
684 3364 719 3417 89
731 3377 756 3414 r.
769 3363 817 3427 12,
828 3360 1018 3427 animadverto,
1031 3377 1064 3413 ex
1080 3359 1152 3413 cuius
1163 3359 1245 3412 medic

145 3435 222 3483 conto
232 3429 355 3483 laternam
367 3433 423 3484 sive
433 3432 542 3502 phanale
553 3447 718 3501 prorumpens
729 3447 780 3482 non
792 3427 860 3481 aliud
872 3445 946 3550 guam
957 3429 1040 3498 ignem
1051 3429 1245 3499 imperatoribus

163 3500 284 3552 caelatum
302 3500 435 3554 includere
451 3501 562 3553 mihimet
577 3500 730 3570 persuadeo.
755 3513 813 3551 num
831 3513 872 3552 ruo
890 3515 906 3550 ο
925 3492 1025 3552 ἅπτειν
1041 3493 1093 3567 τὴν
1111 3493 1245 3565 λαμπάδα

141 3516 239 3623 {nivo
255 3569 307 3620 τοῦ
323 3567 461 3640 διβελλίου
482 3583 562 3621 meam
579 3567 697 3620 admittat
716 3567 902 3638 comesturam,
919 3569 1048 3638 approba3
1067 3567 1110 3620 rel
1126 3573 1155 3619 tu
1169 3564 1244 3635 quip-

141 3640 210 3710 piam
222 3635 289 3702 aliud
302 3637 360 3691 loco
372 3638 453 3708 magis
467 3653 606 3706 congruum
618 3636 740 3690 edissere.

227 3744 265 3802 ih.
280 3762 307 3806 r.
330 3749 379 3809 18.
415 3743 562 3804 ridiculum
582 3748 627 3802 est
648 3742 725 3818 quod
739 3740 835 3802 Iunius
853 3743 1030 3822 suspicatur,
1052 3738 1164 3820 ιδραίας
1183 3731 1243 3800 πά-

142 3833 197 3902 λας
220 3829 311 3888 dictas
333 3829 414 3908 quasi
435 3830 573 3904 toronos,
599 3828 668 3907 quod
691 3829 719 3885 in
739 3831 826 3905 primo
853 3829 902 3888 illo
928 3828 1080 3904 templorum
1108 3824 1186 3883 aditu
1206 3828 1245 3882 sit

144 3915 350 3974 commodissimo
370 3919 509 3974 ιιίαίειυιιι
530 3920 555 3974 et
575 3913 768 3988 horologiorum
794 3913 873 3972 seder.
916 3913 1045 3986 credam,
1073 3911 1122 3968 uhi
1147 3909 1244 3968 Iunius

144 4000 379 4062 demonstraverit
399 4001 483 4060 etiam
499 4000 530 4057 in
552 3996 658 4077 templo
680 3997 935 4076 Hierosolymitano
957 4001 1068 4074 portam
1089 3996 1245 4073 speciosam

144 4085 248 4143 dictam
267 4104 329 4144 esse
351 4086 433 4162 quasi
455 4087 605 4160 λοισιίαιιι,
627 4083 704 4159 quod
725 4083 874 4144 sciaterum
889 4087 919 4141 et
938 4081 1145 4159 horologiorum
1161 4082 1244 4140 sedes

144 4176 276 4304 essetibid.
316 4250 468 4304 vestibulum
492 4246 879 4302 monasticarum¹ecclesiarum
911 4245 1079 4300 subeuntibus
1108 4249 1246 4299 occurrunt

145 4311 246 4389 δραῖαι
262 4317 363 4392 πάλαι,
381 4335 557 4390 nonnunquam
575 4315 716 4389 βασιλικαί
733 4324 905 4389 nuneopatas.
928 4315 1081 4373 reulum
1099 4317 1161 4372 illud
1177 4309 1247 4385 πρά·
