2958 4918
435 277 495 346 ¹IN
514 280 663 349 GODlNI
689 281 774 350 clu.
803 281 848 350 Il.
1129 286 1201 358 177

92 439 196 497 tantum
212 439 271 494 loco
289 455 403 508 congrue
427 431 544 497 dicenda.
579 441 733 498 domesticus
754 443 820 498 idem
848 443 907 499 olim
921 444 965 516 qui
982 448 1150 516 procurator,
1169 464 1202 502 ae

94 525 246 564 numerosae
275 511 385 564 familiae
410 511 542 580 totiusque
563 511 652 565 domus
683 531 768 566 curam
797 532 898 583 gerens.
944 514 1088 568 Simocatte
1113 518 1130 580 8
1151 517 1198 571 tae

93 575 256 646 circopetici
274 575 298 632 ὁ·
308 583 503 647 πραισεντίνος
519 576 534 637 ὃ
552 575 603 644 τοὶς
619 582 671 634 τοῦ
687 579 797 670 Πέτρον
814 582 998 670 (στρατηγοῦ)
1018 581 1201 655 πεπιστευμέ-

94 667 146 709 νος
169 649 339 716 φροντίδας,
368 642 402 702 ὃν
423 644 587 716 δομέστικον
610 646 732 708 εἰώθασι
762 653 885 721 Ρωμαῖοι
908 655 1074 706 αποιιαίείν.
1110 654 1152 707 hic
1174 654 1202 708 in

94 719 173 771 fidem
186 733 258 772 suom
272 718 412 770 communia
422 717 534 772 familiae
546 719 614 772 bona
633 719 736 789 recipit,
747 737 779 774 ac
792 721 928 776 etiamnum
942 721 1020 774 hodie
1034 722 1060 773 in
1072 728 1202 777 monaste-

93 787 141 840 riis
173 781 298 847 πιστιιιός
322 787 402 844 audit.
440 788 538 840 Artaba
552 788 610 841 dum
641 790 799 844 Artabaadue
833 791 898 844 alios
930 790 1089 872 Copronymi
1122 809 1203 860 gener

95 855 262 911 domesticum
276 858 480 925 (procuratorem
490 806 617 926 intebige)
633 858 700 927 apud
712 859 896 930 'lheophanem
913 859 1005 912 efficat.
1039 859 1097 912 hinc
1116 861 1203 912 cnius-

95 925 163 977 libet
178 924 220 976 rei
233 923 276 977 vel
293 923 390 977 ordinis
407 925 554 994 praefectus
571 943 603 978 ec
619 928 780 1064 praepositus
793 935 903 982 vocatur
920 926 1072 982 domesticus
1089 931 1204 984 aGrae-

95 994 154 1058 cis3
173 993 205 1052 de
218 1009 269 1080 pue
287 993 395 1046 loannes
412 993 479 1047 Citri
497 995 582 1065 episco
602 1011 648 1050 us:
713 997 765 1050 τοῦ
782 995 946 1066 ὃομεστίιιοο
962 997 1135 1065 προσηγορία
1151 1015 1203 1051 τια-

94 1057 137 1116 τά
155 1063 294 1124 Λατινοος
311 1055 362 1116 odo
377 1056 445 1128 ίξοίρ
464 1081 546 1131 οντα,
564 1013 615 1118 eir
631 1063 858 1134 προηγούμενον,
871 1060 925 1120 τὸν
940 1057 1093 1134 ἐπιστάτην
1108 1066 1203 1134 δηλοῖ.

96 1149 115 1186 a
133 1147 164 1184 re
181 1131 269 1200 itaque
284 1131 403 1184 familiari
467 1132 579 1186 militiam
595 1134 719 1188 translata
731 1135 784 1188 vo'x
801 1136 890 1189 ducem
906 1134 1034 1187 exereitus
1048 1149 1205 1206 supremum,

98 1205 128 1254 et
147 1205 176 1252 nt
192 1201 308 1269 loquitur
325 1201 456 1255 comnena
478 1201 619 1256 Alexiados
635 1205 666 1267 2,
691 1198 847 1272 στρατηγὸν
871 1197 1084 1270 αὐτοκράτορα,
1106 1204 1150 1256 vel
1174 1208 1205 1256 ut

95 1269 143 1323 alii
167 1271 324 1339 praelectum
346 1269 489 1340 praetorio,
513 1271 580 1339 quod
603 1271 724 1326 militares
747 1273 834 1342 copias
856 1273 903 1326 aab
928 1271 1083 1342 imperatore
1098 1271 1206 1326 duceret

99 1338 321 1423 communiumque
347 1355 431 1392 rerum
452 1338 694 1422 administrationem
712 1341 745 1393 ab
763 1358 794 1394 eo
812 1340 861 1394 sibi
879 1340 1076 1394 commendatam
1092 1347 1205 1405 teneret,

97 1407 1204 1549 liliati?llll&llllllsltilltlt{llltltllttsllllff

98 1545 179 1599 alicus
197 1561 257 1598 mox
273 1545 427 1599 declaratur.
461 1545 557 1614 legitor
574 1561 675 1616 quoque
692 1547 798 1618 primum
816 1548 884 1618 apud
901 1549 1084 1617 Theophanem
1101 1546 1128 1600 in
1149 1548 1204 1600 Mi·

75 1675 77 1678 ·
98 1614 191 1668 ohaele
207 1615 330 1670 Raucabe
345 1611 430 1683 μέγας,Ι
446 1610 608 1682 δομέστιιισς
624 1616 770 1686 Theophilo
787 1617 924 1686 antiquior.
958 1617 985 1668 in
1002 1617 1078 1670 irene
1094 1624 1122 1669 et
1132 1617 1203 1670 Con-

100 1683 218 1736 stantino
239 1683 353 1736 cernitur
376 1683 502 1737 Antonius
525 1684 627 1752 quidam
651 1684 806 1739 domesticus
831 1703 886 1739 cum
904 1685 1055 1738 militaribus
1072 1685 1152 1756 copiis
1170 1685 1205 1739 ad

99 1752 197 1805 bellum
219 1753 324 1806 missus:
348 1745 367 1820 ἡ
396 1751 537 1823 βασίλισσα
554 1746 713 1806 ἀπέστειλεν
730 1749 781 1808 τόν
795 1749 938 1808 ’Λντώνιον
953 1749 1006 1807 orio
1021 1757 1082 1816 τοῖς
1098 1750 1203 1822 τάγμα-

98 1837 157 1874 σιν.
193 1821 318 1874 hutouios
340 1821 406 1874 idem
431 1821 576 1888 πατρίκιος
597 1819 646 1874 καί
670 1819 831 1891 δομὲστιιιος
846 1823 1023 1892 τῶνσγολιῦν
1040 1823 1161 1875 scribitur
1176 1822 1204 1875 in

102 1890 279 1960 Copronymo.
313 1891 382 1942 uude
401 1890 509 1944 coniicio
527 1907 671 1960 supremum
688 1891 815 1945 exercituo
832 1893 941 1946 Romani
958 1891 1047 1944 docem
1064 1892 1133 1944 circa
1150 1891 1204 1943 Co-

101 1959 221 2031 pronymi
241 1964 351 2013 aetatem
368 1959 549 2022 domesticum,
575 1976 606 2011 ac
628 1961 706 2030 paulo
730 1967 791 2031 post
806 1962 889 2030 magni
905 1962 1002 2014 honore
1019 1959 1137 2012 adiuncto
1154 1975 1203 2012 vo·-

102 2033 203 2094 catum,
221 2029 264 2098 qui
281 2028 352 2099 prius
368 2026 521 2097 στρατηγός
536 2029 630 2097 ubique
647 2029 779 2082 audiebat:
796 2031 882 2084 fatear
897 2029 960 2083 licet
974 2029 1025 2081 alia
1041 2028 1132 2082 itemm
1144 2029 1203 2081 vice

101 2097 269 2150 domesticum
299 2103 401 2151 exstare
426 2096 452 2150 in
481 2097 621 2150 lustinieno
643 2101 672 2162 2,
698 2107 726 2150 at
748 2116 799 2151 non
823 2099 951 2153 exercitus
974 2098 1022 2152 sed
1042 2094 1203 2166 στρατόρων

102 2169 253 2236 equisonum
270 2166 403 2219 celebrari.
438 2165 493 2219 eius
510 2167 590 2233 igitur
607 2173 647 2219 est
664 2168 802 2221 exercitum
822 2168 948 2235 educere,
975 2174 1002 2219 et
1018 2167 1079 2219 belli
1094 2184 1136 2219 ,res
1155 2183 1204 2219 ou-

103 2251 177 2290 rare.
211 2242 349 2304 eapropter
373 2234 485 2288 Michoel
506 2233 679 2304 Palaeologua
696 2237 797 2289 loannis
813 2237 907 2305 angeli
924 2238 1029 2289 tratrem
1045 2232 1133 2305 μέγαν
1147 2253 1202 2304 γει·

101 2300 260 2373 ροτονήσας
276 2300 457 2372 ὃομέστιιιον,
481 2301 531 2356 οιαὶ
548 2297 585 2356 τοὶ
602 2303 793 2373 στρατεύματα
809 2300 956 2375 παραδοὺς
980 2299 1059 2376 αὐτῷ
1067 2346 1076 2372 ,
1097 2301 1138 2366 είς
1153 2302 1203 2357 δύ-

100 2390 150 2427 σιν
174 2367 335 2441 ίιιπὲπομφε
362 2368 435 2426 νατοὶ
458 2373 510 2425 τοῦ
533 2367 695 2425 ἅποστοίτον
719 2370 844 2442 Μιγσήί.
879 2367 1048 2440 (γροντιστήι,Ι
1071 2373 1148 2425 etiam
1174 2379 1202 2424 et

102 2436 269 2511 ἐπιμελητὴς
284 2441 425 2510 δημοσίων
441 2436 610 2509 πραγμάτων
628 2441 662 2494 ab
687 2447 793 2495 auctore
814 2448 982 2501 memoratur,·
1006 2440 1078 2494 cuius
1102 2441 1203 2510 quidem

102 2527 136 2564 ec
161 2511 291 2580 amplioris
315 2511 390 2563 etiam
411 2509 521 2562 muneris
546 2509 743 2582 descriptionem
766 2510 883 2566 exhibuit
906 2511 1117 2576 Cantaouaeaus,
1144 2510 1203 2578 ipse

102 2594 214 2649 magnus
230 2581 397 2646 domesticus,
413 2581 431 2634 2
448 2581 475 2632 6.
583 2593 584 2598 ’
722 2597 723 2600 ’

191 2686 362 2765 piniti.
398 2683 697 2766 Penhypersebastus.]
720 2685 805 2745 etiam
825 2684 879 2746 hoc
901 2677 1085 2763 diiunctioni
1106 2677 1205 2762 ὄνομα

103 2776 152 2830 est
164 2769 254 2829 Alexii
267 2771 404 2831 Comncni
417 2773 548 2850 ποίημα,
570 2772 619 2848 qui
638 2773 668 2829 in
688 2771 733 2830 his
752 2770 943 2848 excogitandis
962 2770 1099 2828 fecundus
1119 2775 1149 2833 et
1161 2771 1205 2836 fe·

103 2857 216 2915 cundus
228 2857 290 2914 fuit.
310 2857 374 2914 vide
396 2855 536 2916 Zonarem
553 2857 583 2915 in
603 2856 701 2916 Alexio
716 2853 871 2915 comneno.
901 2856 954 2913 sed
974 2860 1008 2913 ut
1026 2853 1071 2912 hic
1093 2854 1204 2937 dicitur,

103 2943 162 3000 iste
175 2941 469 3020 panhypersebastus‚
489 2939 564 3000 ultra
578 2960 661 3018 quem
675 2943 789 3003 ambitio
805 2941 938 3024 progredi
954 2958 1013 2999 non
1029 2957 1114 3018 posse
1127 2940 1205 3016 vide-

102 3027 208 3104 batur,
235 3026 341 3088 invenit
365 3027 547 3104 sequentibus
571 3029 653 3087 annis
681 3047 777 3106 parem
806 3025 942 3086 Ioannem
967 3025 1206 3100 emmeramum,

104 3131 242 3188 magnum
256 3113 456 3190 domesticum,
478 3118 509 3171 et
524 3111 608 3190 poulo
624 3117 692 3190 post
710 3114 843 3172 maiorem
862 3131 896 3172 ac
916 3111 1100 3190 superiorem,
1120 3115 1153 3166 ut
1174 3116 1205 3168 et

104 3197 360 3278 protovestiarium.
380 3198 422 3257 ita
434 3215 485 3256 ceu
496 3198 553 3276 pila
566 3198 701 3255 ludebant
713 3199 760 3256 isti
773 3203 803 3256 et
811 3196 895 3255 rebus
909 3203 939 3254 et
951 3195 1109 3254 nominibus
1118 3195 1205 3255 niodo

104 3285 137 3341 in
153 3281 242 3340 altum
254 3283 334 3342 elatis
348 3284 433 3342 modo
448 3283 578 3342 deorsum
592 3283 704 3361 pressis.
745 3281 923 3342 Andronicus
941 3281 1035 3340 senior
1052 3280 1206 3359 imperator

103 3367 245 3429 Ioermem
271 3375 403 3446 nepotem
429 3387 511 3428 suum
537 3366 792 3448 penhypersebesti
818 3368 956 3444 dignitate
983 3365 1119 3424 decorans
1147 3385 1206 3424 cum

105 3453 187 3530 longe
200 3458 380 3530 ougudimem
392 3453 481 3532 effecit
496 3473 576 3532 ηνοοι
588 3461 668 3512 anteo
677 3455 783 3532 fuerit,
800 3454 925 3512 concessis
939 3455 1098 3526 νιιίίοιτοίίι
1109 3451 1207 3510 colceia

106 3543 135 3598 ct
148 3541 211 3616 opor·
224 3543 380 3599 emanantis
394 3541 461 3599 lutei
473 3538 576 3611 τοίοιιό,
590 3545 622 3596 nt
633 3542 703 3597 inter
711 3541 906 3617 imperatoriam
919 3536 1080 3598 nobilitatem
1092 3539 1207 3594 νοστίιοι

105 3624 226 3684 illustris
239 3631 321 3703 essct,
343 3630 376 3684 iat
390 3623 431 3685 eit
443 3625 584 3701 Gregoras
597 3623 614 3681 l.
626 3623 655 3684 7.
677 3627 709 3680 ut
725 3629 819 3682 eutem
836 3641 907 3682 uxor
920 3623 1058 3700 despotee
1070 3620 1206 3698 despoeno,

106 3709 433 3789 Caesariscaemrino,
460 3709 690 3776 sebastocratoris
712 3709 954 3768 sebastonotorieea
971 3708 1047 3766 dicta
1066 3711 1111 3767 est
1128 3701 1206 3784 (vide
1268 3762 1272 3771 γ

105 3815 133 3854 c.
147 3794 200 3853 ult
214 3793 347 3876 Godini),
365 3796 406 3854 ita
416 3815 486 3855 uxor
495 3792 746 3874 panhypersebasti
757 3794 999 3872 pondyperseboato
1011 3789 1114 3862 audiit3
1136 3806 1207 3864 qua-

103 3881 143 3940 lis
157 3881 235 3959 apud
248 3879 405 3958 Gregoram
418 3879 437 3939 l.
451 3879 543 3943 afilia
556 3873 700 3940 Theodori
714 3878 901 3960 Metochitae,
922 3876 1100 3939 matrimonio
1112 3873 1208 3934 iuncta

102 3965 254 4048 praedicto
269 3965 369 4025 Ioanni
379 3965 645 4046 penhypersebasto.
853 3983 860 4000 ‘i

176 4075 210 4136 Ὀ
230 4075 500 4151 παννπιρσίβαστος]
532 4079 566 4136 de
593 4079 665 4134 euius
692 4076 817 4149 dignitate
841 4080 873 4134 ab
894 4077 989 4150 Alexio
1014 4073 1145 4128 commo
1167 4071 1208 4125 in·
1268 4081 1270 4086 ’

108 4155 191 4205 venta
207 4156 311 4220 praeter
327 4149 453 4203 Zonaram
480 4151 543 4205 haec
565 4149 639 4204 Anna
659 4147 727 4202 filia:
761 4142 822 4206 κατ’
846 4143 935 4202 ἐκεῖνο
960 4141 993 4199 dt
1014 4141 1115 4210 καιροῦ
1136 4141 1207 4195 τετί-

109 4237 201 4290 μηται
234 4215 283 4272 καί
306 4212 322 4270 ὁ
355 4217 530 4290 Ταρωνείτηξ
544 4215 606 4280 luel
632 4212 755 4306 γαμβρὸς
784 4211 826 4270 ἐπ’
856 4211 966 4284 ἀδελφῇ
996 4212 1048 4266 τοῦ
1077 4207 1208 4283 βασιλέως

107 4283 342 4360 „puteacensem
361 4305 392 4341 τε
411 4285 462 4343 τινί
480 4287 741 4361 πρωτοβιστιαριοσ.
775 4281 832 4358 μετ’
848 4280 885 4342 ed
906 4277 979 4339 notai
1002 4275 1037 4336 oi
1054 4278 1104 4335 καί
1117 4295 1207 4334 πονο·

156 4367 420 4437 (iodim-coropalati.
443 4367 476 4424 do
498 4369 574 4441 offic.
962 4358 1004 4421 12
