2942 4916
237 315 314 390 946
367 315 596 416 scnemata
610 319 666 388 ET
684 318 815 390 cosm
828 319 1177 424 communimus,

237 488 321 536 cature
347 484 375 548 st
400 499 451 536 non
477 475 602 552 ldsesrsari
628 484 659 536 et
686 479 800 550 vulgum
829 483 907 538 elaea
930 485 972 538 est
997 481 1065 536 baec
1087 475 1340 554 apaealcyciaocae
1437 537 1439 542 ,

236 551 394 622 parturias,
411 552 458 606 sed
475 551 620 616 honoraria,
638 567 718 620 eaque
734 568 765 604 ca
784 550 850 606 itata
866 553 950 621 virga,
966 567 1040 624 quam
1053 552 1214 622 apparitores
1234 571 1279 606 seu
1297 571 1341 606 ac·

238 621 309 672 censi
325 627 429 686 gestant
444 627 504 673 ante
520 620 649 690 principes
666 620 754 672 cardin
780 637 808 673 es
830 628 960 687 rectores,
985 622 1024 674 in'
1038 621 1176 692 potestatis
1199 623 1340 689 symbolum

238 697 267 742 et
284 689 449 742 excellentiae
469 701 657 757 argumentum,
684 690 713 741 la
726 706 826 754 massas
849 691 917 743 unde
938 697 966 744 et
985 689 1036 760 ipsi
1059 692 1159 744 claoata'
1178 692 1342 760 apparitores

239 767 268 810 at
293 759 423 827 clauigeri
447 759 549 811 accmmi
570 757 718 827 nuncupati.
736 757 787 812 'nil
809 759 899 829 itaque
922 759 964 814 hic
986 759 1019 811 ad
1037 760 1195 830 prepositum
1211 767 1343 813 castrense

238 822 422 896 ματζούκιον,
439 826 472 879 de
489 844 540 896 quo
558 826 686 894 Rigaltlus
701 832 729 878 et
746 822 888 890 Meursius,
906 829 950 910 qui
967 825 1126 896 μανζούκην
1144 835 1171 882 et
1185 824 1342 895 mactaveri-

239 913 294 964 νην
319 895 452 948 Theodori
475 894 604 948 cuiusdam
628 911 767 964 cognomen
792 898 860 966 apud
883 897 1003 954 Nrcetam
1028 897 1055 950 in
1073 897 1198 950 Manuelis
1215 897 1233 952 1.
1252 902 1269 954 7
1287 915 1344 950 cum

241 964 397 1033 appellativa
414 965 462 1016 bac
478 965 590 1016 dictione
606 971 703 1017 temere
719 965 859 1018 contundit.
894 966 928 1018 ad
952 983 1014 1024 rem
1047 965 1137 1034 virgae
1154 966 1227 1018 buius
1244 965 1344 1036 capite-

241 1040 286 1084 tee
308 1031 465 1086 manubrium
489 1034 608 1087 scribitur
635 1039 751 1086 correcte
772 1032 911 1103 crqlcsde,
942 1035 1010 1104 quod
1032 1036 1195 1089 columellam
1221 1034 1345 1100 imitetur,

242 1101 359 1169 quamvis
375 1102 442 1172 apud
460 1101 605 1172 Crispinum
622 1102 720 1154 securis
738 1103 895 1156 manubrium
914 1099 1057 1171 cassianis,
1076 1100 1211 1172 caeleste,
1227 1103 1345 1172 anaiade,

242 1167 380 1238 caroasco,
405 1167 514 1224 areimis
537 1179 566 1225 et
587 1166 699 1224 neelami·
715 1171 850 1225 scribatur.
887 1172 1001 1243 βοντίον
1017 1169 1058 1234 at'c
1074 1167 1106 1226 ed
1124 1167 1215 1240 ἄκρον
1232 1173 1295 1243 qaid
1312 1175 1346 1226 eit

191 1259 201 1274 ν
243 1238 435 1310 ipquirendume
458 1239 548 1294 tultae
565 1239 631 1294 enim
649 1247 676 1292 et
692 1257 789 1309 capae,
806 1258 838 1295 ac
855 1243 961 1312 integra
978 1258 1077 1312 qaoque
1093 1259 1160 1295 oasa
1176 1243 1297 1308 uinaria,
1313 1243 1347 1296 de

263 1309 335 1359 uibus
355 1309 496 1361 Gretserus
513 1309 641 1361 Menreius
659 1307 795 1376 lugaidus,
813 1311 846 1363 ab
865 1311 913 1362 hcc
930 1311 1023 1378 insigni
1034 1311 1197 1364 removenda
1233 1329 1268 1365 aa
1281 1329 1345 1365 vere

243 1327 361 1446 docetor
379 1377 452 1446 quasi
469 1377 588 1444 φουτίον
611 1377 784 1431 diminutivum
811 1377 933 1446 maricae,
959 1379 1030 1432 cuius
1051 1380 1119 1432 inter
1143 1379 1230 1432 varim
1255 1380 1347 1451 capitis

245 1445 425 1514 praecedentia
441 1444 566 1500 lectiones
583 1451 623 1498 est
640 1445 751 1511 mentio,
778 1448 850 1500 cuius
867 1447 934 1500 idem
951 1455 992 1501 est
1007 1465 1039 1500 ac
1055 1445 1164 1515 τούφας
1179 1465 1286 1517 sensus,
1310 1449 1348 1503 ita

245 1522 275 1566 ut
293 1511 371 1581 c'aput
387 1523 415 1566 et
432 1515 530 1584 apicem
549 1514 686 1568 claviculae
703 1514 778 1568 istius
796 1516 946 1568 crassiorem
964 1524 991 1571 et
1008 1521 1147 1570 extremum
1163 1517 1257 1570 nodum
1269 1517 1349 1586 sigui·

245 1581 330 1636 ficet?
365 1597 398 1634 an
414 1581 504 1635 iterum
523 1583 651 1655 βουτζον,
669 1583 738 1665 quod
757 1583 838 1636 nodus
854 1583 898 1638 ille
914 1585 1046 1655 oblongior
1063 1587 1163 1648 buttam
1180 1592 1208 1638 et
1231 1595 1350 1656 vegetem

247 1664 295 1704 sua
311 1651 395 1717 figura
411 1650 545 1704 imitetur?
579 1669 612 1705 aa
629 1651 739 1720 deniqne
757 1652 871 1723 donator
888 1671 937 1706 nan
955 1655 981 1707 in
998 1655 1137 1708 claviculae
1148 1655 1277 1724 superiori
1289 1673 1351 1708 rer-

248 1719 306 1770 tice»
316 1719 360 1771 sed
374 1720 402 1772 in
419 1720 468 1772 imo
486 1729 600 1774 extremo
618 1721 817 1791 inspiciendum,
833 1723 871 1775 ite
886 1730 917 1775 ut
932 1725 1005 1776 velut
1022 1741 1051 1776 cs
1067 1724 1094 1776 in
1112 1725 1257 1790 acetabula,
1273 1725 1351 1778 imum

170 1847 174 1862 Ι
246 1787 307 1841 illud
325 1789 481 1842 manubrium
499 1784 530 1843 ἐν
547 1790 649 1860 βουείῳ
667 1807 715 1844 ceu
731 1790 757 1844 in
776 1793 919 1846 cretarcnlc
944 1801 972 1846 et
994 1793 1095 1862 capella
1117 1792 1278 1859 includetur,
1299 1809 1351 1863 qua

248 1863 276 1912 et
290 1855 387 1912 firmius
403 1863 522 1912 teneatur
540 1866 568 1912 et
586 1859 625 1926 ei,
652 1860 722 1928 quod
739 1861 824 1931 panno
842 1861 960 1914 coccineo
983 1862 1176 1931 superindutum
1196 1861 1247 1928 sit,
1275 1880 1352 1916 orna-

247 1933 360 1981 mentum
378 1942 440 1979 aaro
458 1928 543 1981 addito
561 1926 678 1984 crescati
709 1930 788 1983 minus
806 1929 949 2000 displicebit
965 1931 1076 1985 indutum
1098 1930 1161 1984 illud
1184 1933 1354 2002 manubrium,

247 1993 269 2046 si
287 2012 382 2048 summa
399 1995 425 2048 ia
459 2003 516 2049 arte
532 2002 612 2066 ceput
628 1997 793 2062 deauratum,
819 1999 845 2050 iu
869 1997 920 2051 ime
943 2001 1111 2052 cratercu'lum
1133 2001 1201 2053 bunc
1226 2002 1353 2072 proterat,
1424 2030 1428 2040 =

247 2062 274 2114 in
292 2063 376 2116 media
391 2013 494 2116 tandem
517 2063 589 2134 ὃὲμα
610 2061 711 2132 ὁμοίως
733 2063 954 2136 κεχρυσωμένον,
980 2085 1029 2120 non
1053 2071 1229 2138 ligamentum
1252 2070 1355 2139 quodli-

248 2131 294 2188 bet
310 2132 355 2184 sed
373 2131 518 2202 vinculum,
543 2133 599 2196 sive
622 2136 749 2188 laminam
773 2144 896 2190 auratam
912 2137 975 2189 illud
991 2144 1082 2191 ornate
1098 2137 1250 2198 ambientem
1268 2146 1356 2192 osten·

249 2206 299 2252 tet.
337 2199 474 2269 βουτίζειν
491 2219 569 2272 porra
587 2210 627 2255 est
644 2205 799 2273 immergere
817 2204 860 2258 vel
872 2207 1023 2272 immittere,
1039 2207 1158 2260 videlicet
1176 2207 1202 2260 in
1220 2223 1275 2261 rem
1292 2225 1354 2278 pro-

247 2267 368 2332 tundam3
393 2286 424 2322 ac
440 2278 580 2341 propterea
597 2273 758 2325 acetabulum
775 2286 897 2338 aureum,
923 2275 964 2327 cui
987 2276 1121 2329 commisse
1144 2276 1225 2330 fuerit
1242 2284 1356 2331 exuens

250 2335 392 2390 claviculae
408 2355 484 2410 pars,
503 2339 619 2412 βουτίου
635 2359 685 2395 non
702 2340 828 2398 immerito
846 2359 938 2396 nomen
954 2352 1114 2416 assequetur.
1150 2351 1154 2363 ⁸
1204 2393 1207 2400 ,

279 2509 287 2531 r
318 2464 346 2517 p.
359 2449 394 2502 26
404 2467 431 2502 v.
444 2451 470 2504 8.
482 2449 653 2520 χρυσαφίον]
665 2451 751 2506 Simon
762 2452 879 2506 Pontius:
897 2447 1020 2524 χρυσάφι
1032 2454 1088 2507 rice
1096 2451 1263 2525 χρνσᾶφιον,
1272 2473 1357 2525 χρον-

250 2529 336 2583 σαφι,
354 2517 484 2587 χρυσίον,
506 2518 622 2590 χρυσός,
646 2537 750 2574 aarum.
784 2521 915 2575 Memmius
932 2523 1120 2594 corruptissime
1136 2525 1200 2592 legit
1215 2521 1358 2594 χρυσάφη,

251 2599 374 2653 nusquam
395 2587 523 2644 usitatum.
558 2590 652 2642 dicitur
676 2586 799 2658 zooram
817 2593 897 2659 fliam
917 2609 1041 2656 auream,
1064 2599 1091 2644 et
1113 2608 1201 2648 aarum
1219 2593 1359 2716 quodcun-

253 2669 304 2774 que
319 2653 447 2778 apper‘qqei
465 2658 597 2727 additum,
622 2660 697 2730 quasi
713 2655 887 2729 χρυσαπτόνς
911 2660 980 2731 quod
1002 2660 1047 2714 hic
1067 2661 1202 2716 etiamnum
1244 2662 1359 2718 ctissime

273 2738 334 2791 epte
354 2741 385 2776 en
403 2741 464 2778 rur.

337 2829 376 2889 ll.
389 2848 416 2890 v.
434 2835 471 2896 11
492 2851 557 2909 sqq.
583 2832 690 2894 mirum*
702 2837 748 2892 est
769 2835 911 2910 quomodo
931 2833 1027 2894 lunius
1052 2835 1098 2897 hic
1123 2831 1297 2918 βεστιᾶριον
1314 2837 1359 2897 in-

254 2916 427 2988 terpretatus
441 2917 479 2975 sit
498 2918 672 2995 vestibulum,
694 2924 724 2976 et
737 2914 788 2981 τὸν
808 2921 1096 3002 πρωτοβεστιαρίτην
1110 2927 1256 3002 principem
1275 2928 1360 2984 meli-

255 2996 319 3054 bals'.
343 3005 496 3061 errantmia'
506 3003 593 3079 docti,
610 3005 641 3062 id
654 3010 698 3063 est
717 3002 831 3082 Iustius,
851 3011 885 3064 ut
905 3007 945 3064 ait
962 3006 1120 3085 Meuanas,
1143 3011 1190 3087 qai
1207 3012 1251 3068 ita
1273 3013 1360 3069 iata-

252 3085 414 3158 pretantar,·
432 3086 482 3144 ubi
503 3089 604 3147 iterum
621 3088 774 3148 Iunianum·
783 3090 910 3150 delirium
921 3091 987 3149 viris
998 3094 1089 3152 doctis
1109 3093 1285 3153 adscribitur.
1306 3095 1360 3152 sed

258 3165 326 3238 quid
339 3170 521 3231 vestiarium?
548 3174 669 3234 Suidas:
698 3173 869 3254 βεστιάριον
890 3172 972 3252 manci
994 3175 1149 3257 Ῥωμαίοις
1169 3171 1264 3252 τόπος
1282 3177 1361 3241 ἔνθα

255 3247 277 3324 si
293 3245 441 3333 ἀναγκαία
455 3250 613 3320 ἀπόκειται
630 3250 734 3338 ἐσθής.
755 3258 972 3340 Moschopulusa
991 3261 1093 3342 βέστια
1106 3258 1189 3344 capsi
1206 3261 1363 3342 Ῥωμαίοις

258 3330 379 3438 intima,
400 3339 431 3414 ἐξ
445 3333 484 3404 οὗ
502 3342 554 3406 καὶ
570 3337 741 3426 constans
760 3346 886 3424 κυρίως,
904 3345 937 3408 ἐν
958 3337 1035 3430 pisci
1053 3343 1192 3426 βασιλικὰ
1206 3343 1363 3428 ἐνδύματα

260 3425 475 3494 mulaecovaas.
496 3427 641 3497 dicebatur
655 3429 778 3488 vestiarii
791 3449 904 3508 praeses
925 3432 1010 3489 etiam
1022 3433 1195 3503 meabarim
1215 3437 1245 3492 et
1258 3436 1365 3494 vestia-

259 3505 332 3564 rium
349 3510 505 3584 generalius
528 3519 663 3593 ταμιεῖον
689 3508 858 3594 βασιλικόν,
876 3516 1014 3577 aerarium
1034 3517 1262 3600 imperatoriam,
1283 3519 1365 3599 apud

249 3589 443 3675 ¹Choniatem,
461 3597 567 3658 eitaute
578 3597 713 3678 Rigaltio.

343 3731 372 3792 p.
387 3715 428 3776 27
442 3733 468 3772 v.
485 3715 512 3778 1.
533 3713 760 3793 Tzangratorum
776 3714 830 3798 (ita
842 3717 947 3794 ubique
960 3719 1153 3798 scribendum,
1174 3739 1233 3781 non
1244 3727 1365 3800 trasga-

258 3794 341 3876 torer)
355 3819 373 3856 a
388 3801 531 3878 tzangris,
552 3821 632 3860 arcus
648 3802 792 3860 cuiusdam
812 3822 932 3881 genere,
953 3810 986 3865 ut
999 3824 1034 3863 ex
1054 3807 1255 3866 Cautecuzeno
1274 3808 1367 3884 liquet

257 3878 276 3936 l.
294 3885 328 3960 1,
351 3882 399 3940 ubi
419 3885 456 3942 de
475 3886 603 3944 machina
627 3888 748 3961 quadam
769 3887 868 3948 bellica
881 3908 967 3966 agens
987 3891 1055 3949 dicit
1074 3893 1104 3949 in
1125 3891 1251 3968 quolibet
1270 3917 1366 3955 aare·

260 3958 409 4046 erumpam
421 3969 481 4027 eius
495 3970 589 4043 (erant
601 3977 696 4029 eutem
710 3969 848 4052 quinque)
862 3974 947 4032 fuisse
962 3979 1027 4033 octo
1040 3980 1102 4037 roda
1117 3975 1150 4038 ἐκ
1160 3971 1256 4051 τόξων
1271 3983 1366 4040 Λατι-

261 4056 357 4112 νικῶν
373 4057 434 4114 τῶν
454 4055 620 4134 λεγομένων
636 4057 787 4135 τζνγγροῖν
808 4051 961 4132 ἀφιέντων
981 4059 1063 4139 βέλη.
1085 4061 1203 4120 ibidem:
1228 4063 1281 4124 sal
1299 4067 1366 4124 τοῖν

262 4127 323 4193 sind
338 4141 399 4196 reio
413 4139 564 4216 τζαγγραῑν
582 4133 754 4218 ἀφιεμένων
769 4141 876 4220 βελῶν.
897 4143 970 4203 male
984 4164 1052 4222 ergo
1066 4144 1162 4204 Iunius
1177 4167 1205 4224 p.
1222 4149 1283 4212 313
1296 4148 1366 4207 facit

261 4234 296 4274 ex
309 4222 537 4298 tzaugratoribus
552 4225 647 4284 milites
661 4225 827 4303 spatiosius,
848 4247 911 4287 cum
932 4231 1036 4289 fuerint
1055 4231 1194 4308 sagittarii
1213 4239 1244 4293 et
1263 4233 1366 4292 arcite-

261 4305 369 4363 nentes.
391 4307 462 4366 male
476 4309 559 4368 etiam
572 4315 674 4370 no‘mcn
688 4309 779 4390 ipsum
793 4311 906 4376 deducit
920 4335 938 4376 a
950 4333 1019 4375 voce
1032 4317 1161 4376 orientali
1173 4327 1263 4395 saga,
1280 4336 1364 4397 quse,
