3016 4906
223 375 226 385 Ι
268 267 344 339 376
428 265 638 338 GllETSEIll
651 268 707 337 ΕΤ
721 259 854 338 GOARI
868 265 1201 339 COMMENTARIUS

267 433 357 501 specto
380 447 433 484 non
448 429 489 484 sai
525 445 540 483 a
563 427 644 484 oritur
666 425 823 497 difficultas,
844 431 979 500 quotorum
1002 427 1046 490 rel
1068 427 1179 498 qualium
1191 428 1235 484 sit
1257 428 1312 486 dax
1335 447 1368 486 ac

267 507 354 552 rector
366 499 492 554 archimen
510 499 589 563 ritas,
605 515 638 552 an
649 497 756 568 plurium
767 494 812 551 vel
824 513 962 568 paucorum
974 498 1154 552 monachornm
1167 499 1209 566 (hi
1220 498 1287 553 enim
1300 507 1368 566 sunt,

267 566 311 638 qni
328 575 440 622 testante
458 568 553 621 Basilio
568 561 599 621 ίυ
621 561 697 633 ὅρεοι
712 565 761 621 aul
777 561 862 631 ὀπαῖς
877 568 927 636 τῆς
943 568 993 637 γῆς
1008 567 1155 636 habitant),
1174 585 1207 622 aa
1224 568 1301 622 unius
1318 568 1367 622 ah·

268 640 314 689 bas
332 639 375 691 vel
397 637 533 691 multorum
552 635 760 690 numulariorum
781 635 817 706 sit
838 638 995 706 gubernator
1016 652 1163 708 supremus,
1187 637 1261 691 velut
1281 639 1305 691 is
1322 636 1367 721 pai

266 705 340 762 nobis
357 706 520 777 provincialis
537 705 630 759 dicitnr
646 712 691 760 ant
708 705 846 775 generalis.
864 723 941 776 quasa
955 712 1053 777 partem
1070 705 1198 771 eacan,
1216 705 1311 760 nouum
1326 723 1367 760 sn·

268 785 355 828 curres
372 775 530 846 deceptionis
546 773 700 845 periculum:
723 775 797 830 unius
814 775 881 828 enim
898 775 1048 847 quandoque
1066 775 1239 846 superiorem,
1258 775 1367 846 pluriam

267 844 344 898 etiam
362 861 538 914 nonnunquam
556 843 684 912 significat
700 844 907 899 monasteriorum
924 843 1074 916 praesidem.
1096 843 1171 916 primi
1187 861 1279 900 sensus
1296 844 1366 898 allati

266 921 441 982 argumentum
460 919 499 966 est
513 913 666 982 Eutychetis
684 913 837 982 appellatio,
858 913 969 984 quaein
988 913 1095 968 canalio
1113 913 1317 968 chalcedonensi
1339 919 1367 966 et

265 983 332 1052 apud
356 983 539 1054 Theophanem
557 981 768 1036 archimandritae
787 989 844 1045 est,
868 983 937 1054 apud
953 981 1117 1036 Theodorum
1135 983 1315 1052 presbyterum
1335 982 1367 1038 de

266 1053 370 1106 lnoarn.
396 1051 490 1106 domini
513 1052 565 1106 soti
587 1045 758 1120 ἡγουμένουι
782 1045 944 1122 ὄἘίτυχὴς
960 1045 991 1115 ὃς
1006 1041 1043 1122 ἦν
1058 1045 1212 1121 ὴχουμενορ
1227 1067 1366 1120 porcean·

265 1120 329 1190 ρίου
347 1113 427 1188 ἑνός,
448 1119 540 1190 inquit.
558 1119 625 1175 idem
642 1125 684 1177 est
702 1120 783 1190 igitur
801 1115 1017 1192 ἄρχιμανδρίτης
1036 1121 1081 1190 qui
1102 1115 1271 1189 ἡγούμενος,
1290 1120 1367 1174 naias

266 1192 346 1246 solius
365 1189 515 1244 monasterii
534 1190 630 1258 oiim,
645 1195 740 1260 poter,
757 1193 874 1258 superios·
898 1207 930 1244 no
944 1192 1045 1244 Raetos.
1076 1189 1189 1244 secundo
1208 1195 1294 1244 umen
1307 1206 1366 1242 sen·

267 1259 308 1312 sui
319 1276 370 1312 non
381 1259 454 1312 deest
470 1257 603 1328 multiplex
623 1258 757 1329 probatio,
771 1258 869 1329 prima,
886 1260 952 1329 qnod
970 1257 1066 1330 privati
1086 1258 1233 1312 monasterii
1250 1257 1367 1329 superior

266 1345 317 1382 non
347 1327 442 1382 atiatur
462 1329 495 1380 ob
511 1327 628 1382 humilem
645 1326 716 1380 nimis
735 1335 828 1382 statum
844 1347 874 1384 se
890 1323 1108 1396 ἄρχιμανδρίτην
1122 1333 1227 1394 vocaris
1245 1327 1367 1394 secunda,
1415 1353 1419 1364 ·

265 1347 406 1466 spondeam
425 1403 522 1450 tantum
543 1396 685 1450 sustineant
700 1397 896 1480 appellationem
914 1397 958 1468 qui
975 1398 1050 1466 plura
1064 1403 1158 1480 regunt
1174 1395 1231 1452 iure
1248 1411 1367 1468 supremo

265 1465 436 1534 monasteria,
454 1465 497 1517 vel
506 1465 549 1534 qni
560 1465 649 1525 saltem
660 1463 748 1518 maiori
759 1472 882 1535 praesunt
897 1466 1051 1520 monasterio
1062 1483 1103 1518 cns
1113 1466 1188 1538 plura
1199 1465 1367 1520 subiicinntur

265 1529 411 1603 μετόχεια,
434 1534 505 1586 velut
522 1533 633 1603 antiquis
651 1533 747 1587 nostris
763 1534 876 1588 abbatiis
894 1533 1003 1588 minores
1019 1533 1166 1604 prioratus;
1187 1534 1284 1600 tertia,
1301 1533 1368 1605 quod

265 1603 294 1656 in
312 1609 385 1656 textu
401 1619 477 1672 quem
498 1600 672 1655 elucubremus
696 1602 848 1672 interposita
864 1604 931 1657 inter
948 1599 1164 1673 ἄρχιμανδρίταρ
1180 1607 1208 1658 et
1224 1605 1368 1672 acdppoo·

264 1666 366 1740 μένους
389 1667 637 1740 πρωτοσυχαίλίων
666 1669 792 1740 dignitato
817 1673 851 1730 ab
874 1672 983 1726 invicem
1006 1673 1152 1741 longissime
1175 1672 1285 1726 differre
1301 1688 1368 1724 oons-

254 1748 453 1803 saonstrantur,
470 1739 521 1793 inno
539 1739 667 1812 particula
686 1757 849 1810 exaggerans
865 1735 937 1796 data
952 1759 995 1796 res
1010 1742 1109 1796 omniuo
1126 1741 1242 1794 diversas
1254 1740 1368 1794 iudicare

266 1810 387 1863 declarat.
410 1809 503 1862 transit
513 1809 538 1861 in
558 1810 671 1864 auctoris
682 1811 765 1863 nostri
781 1816 892 1864 mentem
906 1810 1070 1864 illustrissimi
1089 1809 1213 1882 praesulis
1227 1810 1368 1863 Vabrensis

266 1893 331 1947 opus
346 1895 410 1931 vere
426 1877 583 1948 pontificium
603 1896 634 1932 eo
652 1879 703 1933 loci
719 1895 770 1949 quo
788 1880 840 1932 soti
861 1873 1080 1949 ἄρχιμανὸρίτου
1105 1875 1154 1932 καὶ
1174 1879 1227 1932 τοῦ
1250 1871 1367 1948 ἐξάρχου

265 1945 319 2000 καί·
333 1947 385 1999 τοῦ
406 1942 563 2015 ἡγουμένου
580 1943 733 2020 πρόβληοιν
749 1948 795 2001 dat
811 1949 990 2019 spectandam,
1012 1955 1085 2002 certe
1104 1965 1155 2001 non
1174 1954 1205 2000 ut
1229 1949 1305 2000 unius
1323 1947 1367 2000 sed

266 2022 296 2069 nt
310 2015 437 2085 plurium,
453 2033 559 2083 qnorum
576 2023 606 2069 ut
623 2033 674 2070 una
693 2033 744 2070 non
763 2022 803 2072 est
819 2017 971 2088 appellatio,
987 2017 1025 2070 ita
1041 2035 1090 2072 nec
1108 2033 1185 2071 unum
1201 2017 1315 2070 officium
1327 2017 1368 2070 fu-

265 2084 319 2138 isse
335 2089 431 2136 temere
439 2085 586 2170 putandum
609 2090 658 2139 est.
682 2092 811 2138 caeterum
830 2081 908 2156 quem
926 2087 1122 2141 Cantacuzenns
1141 2091 1156 2141 l
1174 2087 1210 2142 32
1224 2091 1252 2140 et
1270 2087 1306 2141 33
1320 2080 1368 2138 τὸν

266 2153 319 2204 τοῦ
337 2147 418 2219 ἁγίου
436 2153 648 2220 ορουςττρῶτον
665 2154 861 2224 succimentia,
882 2154 926 2208 ubi
946 2156 1021 2226 plura
1037 2154 1188 2208 monasteria
1203 2155 1323 2208 visuntur
1343 2157 1369 2206 et

263 2220 299 2271 ad
317 2227 429 2288 quatuor
444 2221 513 2274 milia
529 2223 706 2276 monachornm
725 2223 841 2292 degunt,
862 2229 1025 2294 praefectust
1040 2231 1134 2294 vocat,
1150 2223 1225 2278 aium
1244 2239 1304 2278 esse
1320 2239 1368 2276 non

266 2305 329 2343 reor
346 2290 380 2344 ab
399 2307 443 2356 eo,
461 2290 558 2361 dequo
575 2307 673 2360 sermo,
688 2292 891 2366 archimandrite.

350 2406 388 2467 it.
406 2421 433 2464 v·
452 2404 500 2469 13.
530 2410 667 2466 memorat
691 2403 737 2466 hic
751 2406 926 2486 Curopalala
944 2406 1158 2487 protospneellos.
1181 2404 1281 2466 lunius
1301 2405 1368 2484 legit

262 2490 469 2570 protospngelos.
509 2494 731 2572 ooceomport'ta,
754 2491 864 2571 inquit,
889 2512 922 2552 ec
935 2495 1054 2574 πρῶτος
1066 2497 1096 2552 et
1111 2488 1273 2574 odrysios,
1302 2489 1369 2572 pud

265 2593 358 2634 nornen
378 2582 417 2635 est
435 2595 485 2656 per
503 2596 631 2656 syncopen
648 2577 748 2637 ίίοίυοι
758 2597 806 2655 pro
821 2569 1018 2660 σονᾶχχελος,
1036 2577 1067 2637 s'd
1081 2582 1137 2656 est,
1151 2577 1269 2638 athods'e
1283 2580 1368 2655 οιαχίν

266 2667 473 2738 acceptumst,
501 2661 647 2721 comedite.
687 2661 734 2722 sed
750 2664 781 2720 in
803 2665 842 2722 eis
864 2661 1230 2723 conubiis'nrcltimnadn'tuc
1243 2669 1308 2724 scas
1321 2663 1367 2723 nd-

160 2771 165 2810 ¹,
266 2745 339 2804 butes
350 2765 395 2804 acu
406 2751 516 2824 patres,
529 2744 711 2826 protospngeli
722 2765 783 2806 ocro
799 2767 870 2807 senes
881 2752 985 2830 quipus.
1027 2748 1052 2806 si
1067 2749 1281 2828 protospncellur
1297 2749 1368 2807 idem

265 2835 311 2887 est
332 2831 410 2906 quod
428 2830 596 2910 coenobita,
624 2837 693 2890 tunc
708 2831 798 2894 omnis
814 2834 968 2894 monachus
987 2852 1049 2892 ema
1065 2833 1126 2891 aliis
1144 2833 1173 2892 in
1197 2833 1368 2893 monasterio

157 2923 179 2975 Ρ
196 2922 249 2986 262
266 2914 378 2992 degens,
392 2915 447 2974 erit
470 2915 714 2994 protosyncellus,
735 2918 802 2992 quia
819 2919 909 2978 omnis
921 2919 985 2978 talis
995 2918 1147 2978 monachus
1157 2923 1203 2977 est
1212 2920 1368 2978 coenobita

265 3003 298 3057 at
316 2999 372 3057 hoc
389 2998 549 3060 inauditum
565 3006 617 3060 est
661 3001 763 3060 deinde
782 3003 807 3059 si
822 3003 1022 3082 protosyncelli
1042 3009 1111 3063 sunt
1124 3022 1207 3063 senes
1221 3004 1368 3082 quiquein

265 3104 317 3143 suo
329 3083 443 3162 ordine,
469 3083 507 3142 ad
534 3085 604 3160 quid
624 3104 697 3165 opus
716 3085 824 3147 habent
841 3090 957 3169 propria
971 3089 1147 3149 ordinatione
1159 3095 1190 3147 et
1204 3087 1368 3166 chirotecis,

265 3175 301 3228 ut
315 3168 569 3228 archimandritae?
590 3187 656 3228 nam
673 3176 706 3229 ut
729 3171 791 3247 quis
817 3174 857 3232 sit
876 3193 962 3234 senex
976 3179 1027 3233 aut
1042 3175 1137 3234 senior
1149 3175 1179 3232 in
1195 3195 1249 3235 suo
1263 3175 1368 3251 ordine,

265 3255 297 3312 id
320 3273 380 3312 non
393 3253 512 3333 largitur
526 3255 626 3316 electio
643 3261 674 3314 et
687 3257 859 3317 consecratio
878 3260 930 3318 sed
946 3265 1058 3339 tempus
1072 3266 1102 3322 et
1117 3265 1205 3320 aetas.

353 3339 424 3408 Quis
447 3341 535 3418 igilur
552 3342 759 3420 protosynce'llus
784 3348 814 3403 et
832 3342 951 3424 simplex
970 3345 1123 3424 syncellus?
1149 3345 1217 3404 olim
1229 3341 1367 3422 syncellus

267 3421 463 3503 appellabatur
485 3425 511 3483 is
533 3427 582 3501 qui
603 3431 715 3496 mortuo
733 3428 908 3508 patriarchae
923 3448 1101 3490 successurus
1117 3435 1186 3490 erat
1207 3436 1298 3489 testes
1314 3427 1368 3488 Zo-

268 3528 353 3570 naras
375 3516 405 3568 et
422 3511 568 3570 Cedrenus
586 3511 617 3570 in
637 3511 753 3592 imperio
769 3513 951 3576 Constantini
972 3515 1170 3594 Monomachi,
1193 3534 1313 3593 quorum
1325 3511 1368 3572 illc

122 3627 134 3640 κ
156 3667 159 3684 1
268 3593 410 3676 explicans
432 3595 562 3673 quisnam
586 3597 664 3677 apud
685 3599 842 3662 Saracenos
864 3600 1002 3662 diceretur
1019 3601 1148 3680 seriphus
1170 3619 1221 3660 seu
1234 3599 1367 3679 seriphes,

267 3680 310 3739 ita
328 3681 441 3741 scribit:
466 3673 557 3756 οὗτος
579 3675 605 3754 δ’
625 3679 770 3768 ἔστὶτιαρ’
792 3682 894 3762 adroic
918 3681 992 3768 ὅπερ
1016 3682 1086 3768 παρ’
1107 3685 1183 3770 ἡμῖν
1206 3680 1302 3750 πάλαι
1328 3675 1367 3764 ἦν

270 3762 465 3868 ὄχλεχόμενος
479 3761 651 3850 adpositos,
691 3767 734 3844 οίς
752 3767 809 3854 polo
833 3769 850 3836 ὅ
865 3765 1025 3854 συναυλίας
1043 3775 1099 3836 τοῦ
1116 3766 1301 3854 πατριάρχου
1313 3775 1368 3830 θα·

269 3873 380 3924 υοντος
396 3853 439 3926 εἰς
456 3847 511 3916 τίν
526 3851 645 3916 ἐκείνου
665 3851 757 3919 τόπου
776 3850 1026 3934 ίντιιιαθίοτατο,
1047 3851 1127 3921 οὕτω
1146 3852 1368 3936 salinatore

271 3937 329 3998 rosi
352 3941 476 4013 Χαλιφᾶ
497 3936 671 4019 φθαρέντοςΙ
689 3936 744 4003 τίν
764 3937 979 4022 τελευτήσαντα
999 3940 1172 4024 διαδέχεται.
1198 3943 1298 4002 eadem
1315 3939 1368 3997 Ce-

270 4020 383 4081 drenus.
401 4023 450 4082 ubi
466 4025 593 4084 notanda
604 4043 658 4084 vox
672 4020 780 4099 πάλαι,
799 4045 857 4104 qua
869 4030 1028 4106 significant
1045 4028 1111 4088 olim
1125 4028 1240 4106 quidem
1253 4026 1306 4085 hac
1317 4044 1367 4081 no-

269 4104 472 4169 tione-nomen
500 4107 555 4167 hoc
579 4110 715 4170 usitatius
736 4112 841 4193 fnisse,
862 4120 964 4194 postea
985 4116 1108 4175 desiisse.
1136 4115 1176 4173 sie
1202 4110 1368 4172 Anastasius

271 4188 405 4250 Germani
413 4194 594 4272 'patriarchae
615 4197 753 4273 syncellus
778 4199 845 4277 suit,
867 4199 987 4262 Cedren.
1008 4201 1038 4260 in
1057 4201 1125 4280 imp.
1144 4197 1250 4259 Leonis
1269 4195 1366 4254 leono-

267 4273 359 4336 machi
373 4295 403 4356 p.
424 4275 495 4344 loe.
516 4279 655 4358 syncellus
673 4283 739 4347 item
762 4285 817 4346 fnit
836 4287 999 4368 Stephanus
1020 4288 1108 4350 frates
1124 4285 1229 4347 leona
1249 4282 1367 4364 impela·
