2958 4918
416 331 463 398 m
486 329 636 400 coortu
663 332 746 402 crs.
776 332 820 404 11.
862 301 868 311 ’
1114 337 1185 408 195

81 486 218 567 βασιλέως
235 489 291 548 τῶν
305 487 468 564 Ῥωμαίων,
497 490 534 558 ὥς
550 488 616 564 παρ’
635 490 723 550 αὐτοῦ
739 491 963 619 προέαλλόμενος
979 491 1028 551 nol
1042 491 1075 552 nd
1092 501 1186 554 cotoni-

80 583 133 620 τον
159 560 308 634 δεχόμενος
330 557 454 633 ἀξίωμα,
478 563 528 618 nul
548 560 584 620 coi
608 561 657 618 ὑπ’
680 561 768 619 αὐτοῦ
812 563 1000 635 εσποτούμενα
1015 563 1122 636 udones
1140 568 1189 622 nai

80 633 210 700 molossia
232 630 281 698 nal
302 633 390 702 χωρία
412 634 464 686 τοῦ
489 629 621 705 βασιλέως
642 635 699 688 τῶν
718 631 863 703 Ῥωμαίων
887 633 949 690 stet.
984 637 1051 688 hune
1073 644 1187 692 nostrum

80 699 170 772 μέγαν
188 696 311 771 ἄρχοντα
330 703 409 754 talem
427 719 485 756 esse
501 719 624 772 nusquam
642 703 803 771 affirmarim,
828 705 875 759 sed
898 706 1007 774 aliquem
1031 705 1101 759 inter
1126 723 1188 776 pro-

80 773 224 824 vinciarum
249 775 364 824 ractores
386 771 564 841 praecipuum,
591 773 625 825 ob
649 791 740 826 nomen
764 775 808 827 vel
829 775 1029 844 praeposituram
1045 791 1062 826 a
1077 777 1189 830 caeteris

81 840 226 894 colendum.
266 839 307 910 τῷ
331 835 448 908 ἄρχοντι
468 835 520 902 τοὶς
543 840 599 895 τῶν
617 837 750 910 ὀρφανῶν
766 837 815 896 nal
832 836 883 904 cele
899 843 950 910 τῆς
964 843 1121 912 παρανοίας
1137 843 1187 899 nul

83 903 135 972 τᾶς
147 909 205 963 τοῖν
222 901 390 978 ἄπονλήρων
406 902 580 973 instauratus
594 916 743 968 reservatas
760 910 854 965 usserit
871 911 966 966 Snidns
983 930 1009 966 v.
1026 907 1185 990 n‘uenovro‘cc.

168 1034 197 1095 p.
211 1015 252 1076 10
267 1032 294 1072 v.
311 1016 359 1075 16.
391 1011 481 1074 tutas
500 1033 550 1075 sen
567 1021 630 1077 tata
653 1016 745 1096 aulae]
769 1033 871 1076 nomen
893 1023 938 1076 est
957 1037 976 1078 a
995 1023 1093 1097 patre,
1114 1019 1188 1080 sicut

82 1108 113 1163 et
133 1099 279 1174 παππίας.
301 1099 377 1157 uude
391 1099 539 1160 Germanis
555 1120 667 1179 quoqne
683 1107 725 1163 et'n
737 1103 806 1162 alter
825 1102 920 1179 Tatsl,
945 1108 975 1161 et
989 1104 1061 1163 Atta
1075 1106 1145 1166 atie.

152 1215 256 1268 Nomen
286 1230 302 1268 s
328 1213 467 1269 Theodoro
497 1215 604 1268 Laseari
642 1215 743 1270 videtur
779 1217 924 1270 inventums
965 1234 1032 1286 quse
1069 1218 1182 1288 dignitas

81 1283 182 1352 inerit,‘
219 1284 264 1336 vix
303 1291 413 1338 cortstat.
458 1283 579 1338 Lsscaris
611 1284 655 1338 ille
688 1302 745 1340 cum
773 1286 912 1340 Theodoro
942 1285 1094 1357 Callimpsni
1126 1289 1186 1342 Pri-

85 1354 138 1425 lapi
171 1351 360 1421 vicinarumque
387 1353 524 1420 regiomm
542 1354 680 1406 custodiam
707 1355 885 1419 commisisset,
913 1357 1003 1409 τατοῖν
1029 1357 1080 1424 τῆς
1103 1352 1191 1425 αὐλῆς

87 1418 201 1476 αατανό
221 1421 296 1485 uter.
332 1426 361 1474 at
383 1423 439 1490 quis
463 1423 553 1476 tatas‘l
575 1439 609 1476 an
648 1421 705 1476 uasl
727 1417 774 1476 tet
796 1418 832 1478 col
855 1424 905 1491 τῆς
928 1420 1014 1494 αὐλῆς
1036 1433 1063 1478 et
1084 1423 1121 1478 τοὶ
1139 1427 1176 1514 τῇ

83 1485 172 1564 αὐλῆς
202 1487 421 1558 πιμελούμενοςῗ
456 1492 537 1544 codex
555 1491 620 1544 enim
664 1492 733 1560 egias
747 1492 785 1546 ita
808 1493 887 1546 semel
912 1492 992 1562 legit,
1018 1488 1055 1546 ool
1071 1495 1122 1563 τῆς
1134 1514 1192 1548 ,αν-

83 1562 153 1630 λῆςτ
171 1566 198 1613 et
214 1559 240 1612 in
258 1575 313 1612 eom
330 1559 463 1618 lectionem
481 1561 625 1630 propendet
642 1561 768 1614 corasius.
802 1561 853 1623 scie
869 1562 919 1626 τῆς
937 1559 1022 1632 αὐλῆς
1038 1562 1102 1631 legit
1119 1565 1191 1617 Mat-

84 1632 179 1682 thaeus
203 1629 355 1694 monachus,
378 1635 404 1681 et
429 1630 575 1698 opusculum
591 1629 684 1684 incerti
701 1629 787 1700 operis
803 1647 864 1682 mox
881 1631 1073 1686 exscribendum
1089 1634 1192 1702 ταττῆς

85 1695 182 1766 αὐλῆς.
219 1715 252 1750 en
269 1699 308 1750 ita
326 1703 395 1750 tasas
413 1698 479 1750 sicut
496 1699 628 1768 peppias‘t
663 1705 771 1768 utraque
784 1699 908 1768 siquidem
925 1699 1037 1753 dictione
1053 1702 1126 1771 pueri
1143 1719 1192 1772 ap-

85 1768 185 1838 pellant
204 1781 281 1832 avos,
297 1767 443 1834 παππίας,
459 1768 555 1828 τατᾶς.
591 1773 669 1837 atque
686 1768 724 1820 ita
741 1767 889 1836 quibusdam
906 1769 1049 1822 abblandiri
1063 1771 1193 1826 volueriut

86 1839 275 1907 imperatores,
292 1842 321 1886 nt
338 1835 429 1904 puerili
442 1854 520 1901 vose,
538 1853 603 1904 quos
621 1843 727 1905 patrum
744 1837 845 1888 nomine
861 1835 958 1890 vellent
972 1839 1123 1907 insignitos,
1140 1857 1192 1892 τα-

86 1908 140 1968 τᾶς
164 1905 238 1975 quasi
261 1911 352 1974 putres
376 1905 455 1958 aulae
480 1905 674 1958 constituerent.
709 1923 741 1958 en
764 1905 927 1970 Marcianus,
952 1907 989 1960 ait
1009 1894 1200 1976 Theophanes,'

87 1973 228 2029 Tatianum
245 1982 273 2025 et
290 1973 379 2026 lulium
396 1973 467 2042 prius
486 1975 579 2038 heros,
603 1974 630 2026 in
647 1973 729 2027 aulam
746 1972 838 2027 deinde
855 1981 976 2044 vocatos,
997 1972 1120 2044 πατέρας
1139 1971 1191 2030 asi-

83 2037 153 2104 τούς
171 2037 356 2110 οἲνεκήρυξενς
375 2051 401 2095 et
417 2043 484 2096 horne
501 2043 604 2114 quidem
619 2043 720 2112 Libyae
737 2043 865 2111 (Zonaras
876 2043 965 2098 scribit
976 2044 1095 2113 lllyrici),
1113 2046 1192 2100 alium

84 2113 156 2198 qrbis
173 2113 330 2183 praetectum
351 2109 492 2166 constituit.
527 2111 689 2165 Theodosius
713 2113 847 2165 Helionem
865 2108 902 2174 oie
918 2109 1028 2180 πατέρα
1043 2109 1094 2168 doci
1110 2116 1193 2184 τιμῆς

83 2199 167 2250 quan,
185 2181 245 2232 liliis
261 2180 409 2244 Arsaniam,
434 2180 523 2236 scribit
540 2181 687 2250 cedrenus,
713 2176 937 2252 βασιλεοπτίτορα
953 2183 1033 2238 dedit.
1066 2183 1120 2240 Leo
1140 2185 1193 2236 Se-

83 2252 158 2322 piens
182 2249 250 2319 epud
275 2249 476 2304 Grammaticnm
500 2249 707 2320 προεχειρίσατο
737 2250 879 2314 Ζαοῦτζαν
897 2248 937 2313 εἰς
955 2251 1191 2322 destinandaeque.

84 2318 271 2373 Constantinus
284 2319 379 2372 Leonis
396 2317 463 2372 filius
479 2319 513 2372 ad
529 2320 672 2372 Romanum
687 2319 792 2374 scribit:
810 2313 846 2379 ὥς
865 2315 976 2386 φύλακα
991 2319 1041 2386 τῆς
1054 2313 1121 2410 ἐμῇς
1130 2321 1191 2442 βα-

85 2388 190 2472 caleias
220 2381 446 2474 ipqqyppcirucpv
463 2385 514 2470 nul
528 2384 695 2471 noocdnucou
712 2383 815 2470 otide'uu
831 2388 887 2473 τῶν
907 2383 964 2441 ὑπὸ
987 2393 1067 2456 χεῖρα
1084 2409 1102 2458 η
1120 2385 1128 2406 “
1177 2420 1192 2432 -

85 2452 342 2593 titttittttt
360 2474 457 2578 titt
465 2474 535 2594 eiii
559 2451 1193 2596 tttst’itttitttnttttttit‘ttttts

85 2591 220 2649 traseae
237 2587 441 2664 ἐνδειξάμενον.
478 2593 566 2648 omitto
590 2611 607 2648 a
629 2595 787 2650 Francorum
810 2593 914 2660 regibus
935 2595 1099 2664 pientissimis
1112 2611 1194 2663 pares

86 2665 221 2718 institutos
238 2663 312 2733 qnasi
325 2671 434 2733 patres,-
450 2663 645 2734 Turcarumque
662 2664 800 2734 principem
816 2662 936 2736 superbia
961 2663 1023 2717 licet
1046 2669 1074 2716 et
1094 2663 1193 2718 ferocia

65 2733 282 2857 -qqrsolaseentem
304 2733 418 2802 seniores
441 2731 538 2790 subcus
561 2733 656 2800 babae,
684 2741 789 2806 patres,
814 2749 992 2804 nonnunquam
1016 2733 1132 2787 vocitare
1148 2749 1193 2788 so-

105 2810 183 2859 tum„
1203 2811 1205 2814 '

172 2912 211 2972 ab.
226 2927 252 2970 v.
269 2912 317 2975 17.
347 2907 470 2992 Magnus
484 2913 621 2991 tzansins]
640 2914 763 2973 retinent
782 2911 867 2972 hodie
887 2911 941 2972 hoe
956 2929 1060 2970 nomen
1080 2907 1193 2970 Tuscae

86 2999 117 3056 iu
132 3015 186 3056 sua
210 2994 282 3055 aula.
323 2995 509 3058 Leunclavius
524 3000 561 3074 ⁴in
584 3000 782 3060 Onomastico:
808 2998 898 3056 Tzuus
916 3000 1107 3056 commissarius
1120 2997 1196 3056 auli-

88 3104 147 3158 cus,
168 3083 217 3140 Ιιοτ
235 3088 275 3141 est
291 3087 337 3141 oui
350 3088 442 3143 carme
455 3104 496 3142 ses
513 3105 531 3142 α
549 3085 657 3145 sultano
677 3093 702 3144 et
722 3084 856 3144 uentribus
871 3087 1084 3156 ammittuntur,
1101 3089 1132 3142 ut
1149 3103 1196 3142 eas
1247 3123 1252 3136 .

87 3168 223 3248 etpediat.
245 3169 393 3227 cuiuunodt
411 3175 473 3230 sunt
488 3169 608 3229 dabersoe
629 3171 787 3246 legationes,
810 3174 956 3227 exterorum
980 3167 1128 3242 legatorum
1146 3167 1197 3227 de-

85 3255 238 3327 ductiones,
270 3257 320 3310 aut
350 3273 410 3314 auno
437 3255 531 3326 literas
555 3257 594 3316 ud
609 3260 743 3335 principes
774 3258 912 3312 artonosco
931 3258 967 3311 et.
984 3253 1052 3312 altos
1074 3271 1197 3334 proauos

81 3339 204 3420 perferre
219 3337 350 3399 iubeatur.

156 3453 275 3508 Barbara
297 3467 350 3505 vox
371 3451 399 3504 in
423 3451 505 3504 aulem
534 3451 579 3504 GP
606 3451 726 3504 inductas
759 3469 778 3504 c
809 3451 959 3518 mandatis,
990 3468 1093 3519 cursor,
1127 3469 1197 3504 cons-

86 3523 225 3579 missars'us
250 3522 369 3584 aulicus,
394 3521 435 3574 cni
457 3520 546 3572 variae
567 3537 610 3574 res
632 3521 839 3586 committuntur,
866 3535 906 3574 est
932 3518 1090 3588 τζαούσιος,
1108 3520 1198 3572 Theo·

108 3591 170 3646 bani
187 3592 214 3644 in
230 3591 318 3643 Plroca
334 3586 566 3656 πρωτονούρσαρ.
605 3589 718 3642 officium
741 3607 881 3658 nomenque
902 3590 1037 3643 a=Turcis
1054 3593 1198 3656 acceptum.

87 3613 263 3715 leunclavius
278 3659 306 3711 in
323 3659 501 3713 Onomasticcs
520 3659 702 3726 tenus-bassa,
726 3659 781 3712 siue
796 3664 945 3728 praefectus
961 3660 1087 3712 nobilium
1100 3659 1199 3709 aulico-

88 3749 166 3795 rum,
191 3730 283 3798 quibus
300 3729 394 3782 uariae
410 3746 451 3783 res
467 3728 643 3797 capediundae
656 3729 857 3782 committuntur.
891 3745 983 3780 nomen
1000 3735 1037 3780 est
1054 3727 1199 3794 dignitatis

88 3803 120 3854 in
139 3799 206 3853 nula
216 3798 346 3850 Solbanou
358 3813 488 3866 maguus,
512 3816 568 3850 curn
586 3798 632 3850 sub
651 3797 700 3850 ltoc
718 3801 793 3849 bassa
812 3799 909 3852 tanasii
924 3799 984 3866 plus
1004 3796 1201 3862 minusseptt'n-

89 3870 167 3940 genti
185 3869 324 3921 militent*
346 3867 443 3928 Graeci
459 3866 731 3934 ᾳαορτττζοιονοίονς
747 3867 897 3920 babuerunt
919 3868 948 3918 in
970 3864 1045 3917 aulis
1057 3866 1200 3932 imperato-

88 3957 149 3992 rum
167 3954 289 4000 suoram,
311 3936 436 3988 barbaros
453 3937 482 3986 c'n
498 3939 544 3990 boc
563 3935 678 4000 imitati3
701 3937 910 4004 tenacioremque
927 3937 1030 3986 bassam
1043 3949 1091 3984 sua
1103 3933 1201 4002 lingua

90 4001 244 4062 diseretio
258 3999 345 4074 μέγαν
363 3999 520 4066 egestates.
556 4005 588 4056 de
608 4003 712 4057 tzuusiis
731 4004 850 4058 ancicis
868 4002 1039 4071 Busbeqnius:
1066 4003 1096 4052 1ιί
1118 4004 1202 4055 uicena

90 4081 258 4130 accensorum
271 4074 501 4142 apparitoremque
511 4074 635 4143 implent,
659 4081 684 4126 et
695 4075 824 4126 mandata
835 4076 961 4142 pleraque
971 4071 1060 4123 omnia
1070 4087 1115 4124 seu
1125 4073 1200 4141 prin-

91 4148 158 4216 cipis
179 4129 326 4197 Turdorum
345 4160 390 4196 seu
414 4143 548 4196 bassorum
566 4147 668 4212 serunt.
705 4142 811 4212 amplius
833 4141 894 4212 quid
911 4141 937 4197 in
955 4139 1012 4202 aula
1027 4138 1071 4190 ct>
1089 4141 1202 4208 gessisse

89 4215 217 4269 arbitrere
236 4230 291 4266 narn
310 4215 337 4263 et
352 4211 512 4281 imperatoris
529 4211 674 4263 comitatum
691 4211 718 4262 in
736 4211 847 4264 ordinem
865 4209 981 4277 coegisse
998 4209 1081 4260 refert
1091 4209 1201 4262 inferius

91 4290 194 4351 auctor,
212 4277 375 4336 ssiscsncosios
391 4276 444 4347 τὴν
461 4281 512 4333 τοῦ
521 4277 664 4350 ’βασιλέως
680 4275 818 4344 σύνταξιν.
854 4295 885 4331 ea
904 4284 992 4350 ropter
1005 4276 1132 4330 satellites
1143 4277 1200 4330 sive

91 4355 235 4424 stipatores
256 4349 474 4410 suisse'llleursio
500 4354 620 4403 constans
649 4365 751 4416 negem:
783 4297 935 4402 satellitibus
958 4353 1043 4399 tamen
1066 4346 1201 4398 adiunctos
