2942 4916
174 331 177 340 “
257 325 332 400 260
422 324 698 396 GRETSERIET
712 323 844 396 Goulu
856 323 1184 398 COMMENTARIUS

259 496 290 556 S.
305 493 395 555 Cruee
407 491 454 558 Μ
471 494 521 560 27.
542 490 655 570 elegam
666 489 744 552 loom
757 492 794 552 de
809 491 974 574 hyperpyrir
988 497 1082 555 exeret
1095 493 1174 576 apud
1187 493 1217 555 S.
1235 490 1358 555 Antoni·

260 601 328 641 num
346 581 447 646 torus
468 579 576 664 ῌίειοι.
596 579 640 638 tit
666 581 704 642 19
725 597 754 658 c..
773 579 793 640 8
819 574 836 658 §
856 582 884 642 3.
914 597 1002 656 agens
1020 581 1095 639 enim
1113 581 1150 639 de
1170 579 1359 642 Tartarorum

262 665 428 726 immanibus
440 682 587 722 usurarum
598 663 787 728 exactionibus
798 663 839 722 ito
851 664 960 724 scribit:
981 666 1056 726 miles
1069 665 1178 746 quidam
1191 669 1221 726 in
1239 659 1360 745 Georg'ia

263 747 297 814 de
312 751 622 832 quingmtirbpperppm‘r
636 769 655 808 α
667 749 792 809 Tertorr'r
804 752 917 828 acceptio
929 756 954 810 et
969 771 1107 831 perurerer
1123 754 1237 831 peraque
1253 757 1361 814 retentio

264 843 371 898 coactus
383 835 441 915 filit
453 840 491 896 eir
504 835 610 894 reddere
621 839 716 914 reptem
735 834 812 896 milia
820 854 869 916 pro
881 839 978 896 aruris.
1006 837 1135 917 quaedam
1153 840 1234 896 etiam
1251 837 1361 899 domno

267 923 414 984 Tartariea
424 940 475 1001 pro
491 923 685 1000 quinquaginta
698 923 803 996 coibas,
824 939 888 999 quar
900 919 1005 981 cuidam
1023 924 1186 982 eommrierat
1202 927 1229 982 et
1248 923 1296 982 ille
1311 943 1360 1002 per

263 1015 359 1090 reptem
372 1012 600 1082 amatorem,
619 1007 699 1086 pettit
708 1008 744 1064 ab
758 1006 804 1064 illo
812 1025 862 1086 pro
880 1011 970 1066 urum'r
981 1008 1090 1068 illoram
1106 1011 1194 1068 oviam
1209 1007 1360 1090 byperpqra

264 1100 359 1174 reptem
370 1093 462 1168 milia,
484 1112 551 1172 quae
562 1096 649 1152 omm'a
664 1091 710 1150 ille
720 1099 827 1152 coactus
841 1096 877 1150 ert
891 1093 989 1152 solorre
1000 1113 1051 1174 pro
1063 1113 1156 1154 umora.

330 1193 503 1260 Argenteum,
526 1195 557 1243 nt
583 1191 611 1242 et
636 1203 740 1242 aureum
771 1202 909 1250 nummum,
936 1186 975 1241 ite
1003 1189 1105 1260 reperio
1131 1189 1233 1248 dictum.
1260 1201 1359 1261 urgen-

261 1267 332 1316 teum
355 1261 455 1332 quidem
480 1258 590 1312 nondam
611 1257 637 1310 iu
663 1256 792 1310 oblivione
811 1273 887 1327 pener
905 1256 1040 1312 hodiernos
1060 1259 1224 1329 Orientalee,
1242 1266 1273 1314 ut
1290 1260 1360 1330 quod

260 1333 343 1386 adhuc
362 1330 497 1401 plurimum
512 1329 539 1381 in
555 1327 643 1381 oribur
664 1342 750 1379 eorum
772 1341 865 1379 moene
884 1343 924 1380 me
946 1327 1075 1406 audiriapo
1097 1329 1214 1394 memiai3
1244 1329 1360 1400 illudque

259 1407 302 1454 eat
319 1401 353 1454 de
386 1417 419 1452 uo
435 1413 513 1466 quem
526 1397 580 1450 late
598 1394 771 1448 Leunolariua
786 1394 911 1454 Pendect.
927 1395 1009 1449 Ture.
1026 1415 1053 1466 p.
1072 1401 1121 1453 117
1132 1397 1251 1468 eoripritr
1270 1398 1360 1452 decem

260 1475 309 1525 aut
324 1417 457 1522 duodecim
475 1463 598 1518 eiusmodi
615 1479 740 1518 namnum
755 1464 880 1534 integrum
897 1465 1066 1548 complebunt.
1101 1483 1207 1520 aureum
1230 1467 1288 1537 ipre
1310 1483 1359 1520 aa·

260 1555 322 1592 reue
338 1544 378 1590 ert
394 1551 524 1600 nummum
544 1535 577 1587 (le
595 1549 646 1601 quo
666 1533 816 1586 Guntherue
830 1533 860 1586 in
878 1533 982 1588 bistone
994 1541 1086 1605 ceptae
1097 1536 1224 1606 Cpoleoar
1243 1538 1359 1590 eoloebat

259 1623 393 1660 nummum
403 1621 526 1670 auream,
538 1605 583 1673 qai
593 1619 728 1672 perperam
739 1602 831 1656 uocari
839 1603 916 1666 solet,
930 1604 1053 1672 sordem,
1072 1605 1101 1657 id
1113 1614 1152 1659 eet
1163 1613 1276 1675 quartae
1323 1606 1359 1658 rti

260 1693 367 1729 marcae
378 1678 473 1741 amiur,
490 1673 665 1742 aequivalens.
698 1689 834 1742 perperam
852 1672 1050 1743 pronuntiebunt
1069 1674 1170 1739 Latini,
1190 1681 1220 1729 ut
1237 1681 1265 1730 et
1284 1623 1359 1728 lidie

262 1744 360 1798 Greeci
376 1741 518 1811 πέρποραι
539 1743 658 1814 iperpere
675 1757 778 1811 quoque
792 1740 894 1814 ecripsit
911 1742 1081 1796 Leuncloviur
1098 1761 1131 1796 ex
1150 1743 1217 1797 aliia.
1243 1751 1358 1798 ‘enreum

233 1841 236 1846 ,
261 1830 340 1886 porro
358 1813 399 1867 hic
416 1810 524 1880 intelligi
539 1827 636 1880 aequae
652 1810 735 1864 lector
751 1827 848 1866 meeum
863 1810 999 1878 iudicabit,
1017 1811 1062 1882 qui
1077 1811 1130 1866 vile
1147 1812 1260 1884 pretium
1269 1813 1358 1885 primi·

263 1883 332 1938 aerio
351 1881 506 1936 reddendum
523 1897 621 1934 mecum
637 1880 782 1949 negaverit.

348 1992 377 2051 p.
387 1973 429 2034 32
442 1990 470 2030 v.
485 1973 531 2037 17.
559 1965 738 2051 ρὀγατόραν]
769 1974 903 2046 rogatores
923 1975 992 2029 eunt
1016 1969 1116 2046 milites
1137 1971 1279 2050 stipendia
1300 1989 1358 2032 me-

261 2062 373 2132 rentes,
394 2075 508 2133 eroga,
529 2057 607 2158 (prod
627 2062 672 2115 est
688 2055 866 2136 stipendium.
895 2049 1030 2138 ῥογεόειν
1048 2061 1094 2118 est
1112 2057 1245 2134 rtrperrdia
1254 2058 1358 2137 faeere.

262 2142 399 2222 accipitur
414 2142 499 2200 etiam
515 2139 591 2224 ρόγα
604 2160 657 2220 pro
676 2141 808 2200 donativo
825 2146 855 2199 et
868 2139 1033 2218 honorario,
1054 2144 1132 2218 quod
1146 2142 1226 2201 elicui
1244 2162 1305 2202 non
1326 2161 1359 2202 ex

263 2227 360 2286 debito
373 2227 425 2286 sed
438 2245 473 2286 en
486 2228 578 2304 gratia
588 2225 764 2306 persolvitur.
785 2226 905 2284 suidas:
920 2219 994 2311 ῥόγα
1008 2225 1101 2308 ἡτῶν
1111 2227 1259 2310 βασιλέων
1273 2222 1360 2291 edol-

263 2314 342 2393 βεια.
362 2332 429 2389 roga
454 2319 493 2372 est
514 2316 698 2391 imperatorum
714 2316 764 2392 pta
779 2310 928 2372 liberaliter
944 2319 970 2371 et
985 2316 1193 2392 magnificentia.
1220 2318 1361 2394 usurpent

261 2400 347 2457 etiam
358 2396 461 2458 Latini
482 2395 607 2458 Miscelle
619 2398 736 2468 historia
749 2398 779 2456 in
796 2397 912 2456 Tiberio
927 2396 971 2456 II:
991 2399 1070 2458 duxit
1090 2398 1273 2460 Anactorium
1288 2420 1359 2458 uxo-
1458 2468 1461 2477 Ι

260 2503 315 2544 rem
334 2502 425 2558 ruam,
451 2489 477 2542 et
499 2488 635 2544 emmram't
660 2503 717 2544 eam
743 2483 911 2560 Augurium,
936 2489 962 2541 et
988 2487 1101 2543 iactnmt
1123 2504 1218 2562 rogam
1237 2486 1360 2548 moltam.

259 2571 338 2648 apud
360 2568 519 2628 Baldricum
548 2571 578 2628 in
603 2569 720 2629 historie
746 2568 1003 2645 Hierosolymiteno
1030 2575 1163 2628 excusent
1192 2589 1225 2629 se
1256 2570 1358 2628 milites
1469 2601 1470 2608 ο

213 2669 218 2676 ·
239 2654 348 2715 ‹Alexii
361 2655 536 2733 imperatorie
551 2656 595 2715 his
607 2656 716 2714 verbis:
736 2676 784 2714 moe
793 2657 821 2713 r‘m
837 2674 903 2731 roga
912 2658 1078 2732 imperatorie
1097 2657 1182 2714 locati
1193 2655 1264 2714 nr'lu‘l
1280 2655 1359 2715 atiud

258 2760 339 2818 quam
360 2740 428 2818 qaod
440 2745 497 2819 ipre
513 2745 626 2819 imperat
641 2741 735 2821 facere
753 2759 899 2838 pereamus.
924 2741 976 2798 sed
995 2742 1032 2800 de
1053 2759 1125 2818 rogo
1143 2741 1285 2820 copiosius
1305 2761 1358 2800 suo

154 2835 163 2846 '
255 2823 319 2884 loco
331 2823 351 2883 l.
364 2824 386 2885 3
399 2844 468 2883 com.
483 2826 537 2890 e5
552 2831 582 2884 et
594 2847 617 2884 o.
632 2829 661 2889 9.

326 2899 396 2973 όόρα
425 2905 487 2975 quid
517 2905 574 2973 rit‚.
599 2923 651 2961 non
678 2906 790 2976 ignotam
820 2904 958 2975 Rigaltium
987 2903 1128 2960 blenrriam
1159 2910 1186 2960 et
1217 2906 1361 2960 eruditiori·

256 2989 325 3028 mum
345 2973 483 3028 Febrotum
498 2974 604 3044 legenti.
638 2975 693 3030 οἱιω
707 2974 880 3030 definitionem
898 2973 1011 3030 asnide
1028 2975 1131 3028 alletem
1146 2983 1174 3030 et
1190 2993 1207 3030 e
1228 2977 1360 3032 Greteero

257 3041 399 3096 mutilatum
415 3046 501 3098 relero
517 3051 545 3098 et
565 3061 676 3116 expono.
711 3039 781 3116 όόηοι
798 3039 816 3114 ἡ
834 3045 890 3100 τόν
908 3039 1042 3114 βασιλέων
1065 3038 1190 3116 εὐσέβεια
1212 3042 1262 3099 real
1279 3049 1360 3114 quio·

256 3111 343 3182 τιμία.
375 3129 446 3182 roga
465 3119 503 3166 ert
518 3115 703 3184 imperatorum
726 3115 811 3184 pictae
833 3121 858 3167 et
879 3115 1067 3183 munificentia.
1109 3115 1252 3184 erogabant
1276 3115 1361 3185 impe-

257 3188 360 3235 ratorer
382 3181 520 3250 qaoteunie
540 3184 573 3236 de
593 3200 639 3236 rao
663 3183 780 3237 ecclesiis
802 3183 951 3255 proceribus
974 3181 1094 3237 militibne
1114 3199 1148 3253 po
1168 3186 1210 3238 ulo
1230 3183 1361 3255 stipendia

258 3257 287 3303 et
303 3267 416 3307 munere.
452 3251 567 3306 eccleeiir
585 3253 678 3307 collata
695 3247 835 3336 εόοξβιια,
857 3252 915 3305 aliie
931 3252 1122 3338 quibuscunque
1139 3202 1234 3307 ddnete
1251 3257 1360 3321 ‹petorr-

254 3318 1065 3462 utrurru‘eunomiumneunt:
1078 3322 1359 3461 terruere

255 3455 370 3526 πλησίας
392 3453 442 3512 ἅτε
466 3455 615 3531 οἰκονόμος
639 3458 743 3530 ταύτης
765 3456 912 3530 γενόμενος
935 3453 967 3515 dr
983 3463 1044 3522 τοῖς
1060 3457 1220 3528 ἔμπροσθεν
1235 3458 1359 3532 χρόνοις,

255 3525 305 3578 καὶ
321 3527 377 3580 erio
393 3521 485 3582 emer
501 3526 619 3594 ὁπόσαις
631 3525 834 3601 ὑπηρετεῖσθαι
850 3525 919 3592 tuoe
934 3525 1013 3598 παρὰ
1037 3531 1090 3584 rori
1112 3526 1216 3599 ταύτης
1239 3527 1357 3600 κλήρου,

255 3588 433 3718 dpda'q'eqrcor
449 3600 564 3667 popedon
581 3601 674 3668 λίτρας
691 3592 748 3653 oiroi
764 3599 824 3652 τότ
840 3594 901 3662 ἔτος
918 3601 1101 3668 χορηγεῖσθαι
1110 3598 1220 3663 τούτοις
1232 3596 1356 3654 τετόπω-

254 3679 305 3716 κεν
342 3681 380 3719 πο
396 3665 448 3720 aori
493 3671 618 3723 αοιιωιαό
642 3668 766 3739 ταμιείου
795 3665 836 3730 εἰς
858 3667 1037 3736 προσθήκην.
1071 3668 1180 3723 Niceten
1195 3669 1220 3723 in
1235 3665 1358 3722 Mennele

164 3777 166 3784 ,
254 3731 322 3786 l.1r
342 3735 384 3807 τῷ
400 3731 494 3810 ιιλήρω
510 3739 562 3793 rori
577 3735 700 3808 μεγάλου
713 3732 768 3792 oroi
784 3733 929 3792 ἐπιδίδωσι
941 3733 1130 3808 χρυσόβωλον
1140 3737 1250 3794 τοποότ
1261 3731 1360 3797 αότοῖς

252 3795 377 3871 όργόρια
392 3796 489 3874 irrideor
504 3801 629 3875 τέρματα
646 3805 686 3871 εἰς
701 3808 772 3877 prais
791 3804 836 3868 die
858 3799 959 3862 ἑκατόν
977 3803 1187 3876 ποροφοόμεαα.
1222 3821 1359 3878 procerum

252 3887 342 3956 repam
369 3882 462 3927 auctor
485 3875 657 3948 deecripturue
682 3883 723 3931 ert
740 3876 863 3940 interium
881 3875 984 3947 eiusque
1006 3875 1118 3930 meminit
1134 3877 1268 3932 Coroneae
1287 3875 1304 3929 l.
1324 3875 1357 3929 be

252 3933 339 4008 όοηα,
357 3941 453 4012 inquit,
470 3945 527 3998 τόν
545 3941 691 3999 δοθέντων
706 3945 794 3999 εἴκοσι
810 3940 990 4013 ἀξιωμάτων,
1014 3953 1112 4030 quanto
1128 3945 1246 4000 nimirum
1261 3941 1360 4014 viginti

250 4009 402 4089 prpceribur
420 4012 590 4097 indignitate
609 4015 886 4098 penoriurperatorem
901 4019 1046 4069 oportunus
1064 4016 1148 4074 detur.
1177 4008 1359 4100 ,αὔξησινζο-

251 4082 1359 4226 ttutttbittittffleltttfltttlntttptttt⁸tttttttltff

252 4229 289 4266 rra
305 4215 358 4268 GR
372 4234 402 4270 re
421 4219 525 4274 oriendo
543 4240 569 4292 p.
586 4223 657 4290 4713
683 4222 751 4292 epud
768 4238 843 4294 quem
860 4239 912 4293 quo
949 4223 1049 4294 elegos
1065 4218 1102 4278 coi
1119 4219 1237 4293 όοηόλια
1254 4221 1358 4278 catelo·

249 4291 356 4418 m?
367 4303 397 4340 οτ
420 4289 483 4345 'nem
495 4291 640 4361 faciendae
655 4309 749 4366 rogae.
784 4298 813 4346 et
830 4293 897 4366 apud
913 4241 1103 4366 inopinum
1121 4287 1293 4364 οτρατωότας
1309 4284 1354 4356 dr·
