2968 4924
371 321 430 388 DE
456 317 637 388 orulcus
662 318 723 391 GP.
740 321 827 388 GhP.
848 317 960 394 xvn.
1167 321 1217 396 93

112 493 179 581 γέας
202 491 362 579 γινομένης
387 488 539 578 κάθηνται
561 491 591 559 oi
610 499 764 575 βασιλεῖς,
791 497 854 562 ’ταῶ
875 493 1034 584 τρισαγέου
1060 493 1095 562 δέ
1117 491 1217 580 ἀμνου

51 625 55 634 ·
113 597 264 688 ᾀδομένου
287 595 308 681 ἢ
328 602 390 664 τῶν
410 597 620 687 ἀποστολικῶν
642 604 771 686 γραφῶν
792 598 814 684 ἢ
834 605 896 666 τῶν
918 600 1013 666 θυέων
1039 599 1217 686 εὐαγγελίων

112 701 399 786 ἀναγινωσκομένων
420 699 598 766 ἀνίστανται
620 703 672 766 καὶ
696 702 793 767 αάτσέ.
845 704 878 780 ἐξ
898 698 1048 790 ἑκατέρων
1064 705 1099 768 δέ
1112 711 1215 792 μερῶν
1327 715 1330 728 “

110 811 163 870 rosi
178 808 258 870 ναοῦ
271 804 399 882 ξυλένων
412 801 511 872 otono
525 803 715 892 ἀναβαθρῶν
730 805 780 870 ἐπ’
800 804 875 872 αὐτὸ
890 814 980 872 sciro
995 809 1214 890 πεποιημένων,

88 905 265 990 5ἷστόμενοι
278 904 379 974 ἐπάνω
394 909 427 972 δι’
436 932 469 972 τε
486 905 708 994 πρωτσψόλται
722 911 773 974 καὶ
792 907 1008 993 σλδολιέστινοι
1021 913 1071 976 καὶ
1086 910 1116 975 oi
1133 910 1209 976 ἀνα-
1228 929 1252 982 c

109 1018 239 1096 γνῶσται
247 1058 258 1090 ,
285 1009 340 1090 oric
353 1011 386 1091 ἐξ
399 1009 494 1089 ἔθους
508 1017 642 1076 παλαιοῦ
651 1010 786 1100 κράκτας
801 1014 833 1078 ἐν
847 1022 915 1090 ταῖς
929 1010 1084 1090 τοιαύταις
1096 1011 1212 1098 ἀνομά·

110 1118 192 1194 ζουσι
212 1112 400 1203 πανηγύρεσι
419 1090 484 1181 κατ’
493 1120 626 1192 τελεταῖς
631 1155 644 1195 5
673 1112 847 1199 ψάλλουσιν
868 1112 994 1209 ᾅσματά
1014 1142 1082 1182 τινα
1104 1141 1211 1184 συντε-

109 1223 219 1284 λοῦντα
236 1221 289 1284 καὶ
301 1216 479 1307 ἡρμοσμένα
494 1220 536 1296 εἰς
548 1217 587 1285 sci
603 1226 738 1285 τοιαῦτα.
790 1219 949 1303 κατέχουσι
967 1220 1001 1286 δέ
1015 1221 1047 1298 ἐξ
1061 1218 1211 1308 ἑκατέρων

108 1327 207 1408 μερῶν
221 1321 284 1388 ἀνά
297 1324 367 1408 τρέα
381 1320 544 1408 κοντάρια,
573 1315 681 1406 ἔχοντα
699 1323 826 1389 έκαστον
844 1321 958 1412 γόρους
972 1325 1005 1388 ἐκ
1021 1321 1129 1405 ξόλων,
1158 1325 1209 1390 ἐκέ

73 1427 299 1512 λοκρεμαμένας
315 1425 422 1511 έχοντα
435 1417 591 1492 ’κυκλόθεν
605 1425 739 1510 μετόξας
755 1428 896 1505 κοκκίνας
908 1428 961 1493 καλ
980 1426 1090 1505 λευκός
1095 1475 1106 1508 ,
1134 1426 1208 1495 ὅσον

108 1527 334 1612 δισπιθόμονς·
362 1529 383 1596 ἀ
404 1532 455 1594 καὶ
476 1529 556 1613 μετὰ
577 1530 612 1597 τό
634 1537 817 1616 τελεσθῆναι
834 1529 891 1616 τὴν
909 1534 1098 1618 λειτουργίαν
1111 1558 1210 1619 προη-

106 1639 228 1718 γοῦνται
239 1641 296 1700 τοῦ
308 1635 476 1717 βασιλέως,
501 1640 562 1700 τῶν
577 1633 764 1720 κατεχόντων
780 1634 860 1700 αῧτά
876 1633 1044 1722 προδόντων
1060 1638 1110 1700 καὶ
1123 1642 1210 1719 pui-

107 1733 217 1802 λόντων
237 1739 330 1824 μέχρι
353 1738 405 1813 καλ
426 1743 481 1802 soii
501 1733 636 1824 μεγάλου
658 1741 825 1805 παλατέον·
852 1740 910 1806 τένι
930 1740 965 1805 δέ
978 1732 1082 1829 τρόπῳ
1098 1742 1209 1825 γίνεται

106 1842 210 1920 τοῦτο,
235 1838 253 1905 ὃ
269 1839 360 1927 λόγος
375 1842 514 1924 ζητεῖται.

67 1943 101 2010 λδ
199 1943 385 2031 Ἀρχομένου
403 1945 438 2010 δέ
452 1941 631 2031 ψόλλεσθαι
645 1947 702 2010 τοῦ
719 1943 768 2010 ἐπὶ
788 1948 828 2030 τῇ
840 1938 959 2030 μεγάλῃ
974 1937 1084 2029 εἰσόδῳ
1099 1939 1208 2026 όμνου,
1226 1947 1250 2002 Ι)

106 2040 259 2132 ἐρχόμενοι
277 2047 306 2112 οἱ
320 2046 503 2134 ἐντιμότεροι
519 2053 581 2114 τῶν
594 2044 743 2138 διακόνων
755 2052 811 2130 τῆς
823 2047 982 2134 ἐκκλησίας
996 2051 1210 2134 προσκαλοῦν-

105 2174 154 2214 ται
175 2151 229 2216 τόν
250 2151 392 2238 βασιλέα.
451 2149 468 2216 ὃ
489 2151 522 2217 δέ
544 2150 662 2240 έρχεται
681 2149 752 2234 μετ’
777 2150 879 2218 αάτῶν
902 2153 945 2227 εἰς
967 2148 1024 2233 τὴν
1047 2150 1208 2234 λεγομένην

105 2250 267 2339 πρόθεσιν,
300 2253 379 2320 tina
403 2261 514 2320 κεῖνται
537 2255 578 2322 soi
605 2254 688 2340 ἀγια.
739 2252 783 2319 ἐτι
804 2255 838 2319 δέ
863 2252 929 2332 ἐξω
948 2260 1004 2336 τῆς
1026 2249 1207 2340 ’προθέσεως

107 2354 262 2442 λουόμενος
280 2355 414 2424 ἐνδόετοιι
431 2355 532 2424 ἐπάνω
553 2365 607 2424 τοῦ
626 2357 741 2423 σάκκου
762 2359 814 2422 ιιαλ
837 2363 894 2423 τοῦ
916 2353 1105 2443 διαδήματος
1126 2383 1207 2440 μαν-

70 2458 181 2525 sotim
195 2467 345 2549 χρυσοῦν.
395 2463 446 2527 καὶ
462 2468 501 2548 τῇ
515 2462 571 2545 μέν
585 2464 671 2551 δεξιᾷ
684 2462 764 2547 χειρὶ
777 2460 897 2543 κατέχει
912 2458 965 2526 τόν
979 2457 1129 2547 σταυρόν,
1163 2457 1206 2538 ῶς

106 2560 235 2648 σόνηθές
249 2567 314 2632 ἐστι
330 2567 451 2654 κρατεῖν
461 2564 514 2630 τόν
525 2565 672 2647 βασιλέα,
698 2562 771 2631 όταν
786 2562 886 2630 καὶτὸ
902 2565 1022 2644 στέμμα
1036 2573 1140 2652 φορῶ,
1165 2569 1205 2651 τῇ

106 2666 138 2730 δέ
153 2667 436 2764 ἀριστερᾷκατέχει
451 2665 606 2756 νάρθηκα.
656 2670 753 2753 ἐπέχει
769 2674 843 2751 γοῶν
859 2663 928 2734 τότε
942 2663 1028 2744 τόξον
1042 2668 1204 2751 ἐκκλησιαα

106 2771 206 2858 στικὴν
226 2773 266 2860 ἣν
282 2779 410 2839 καλοῦσι
424 2779 478 2838 τοῦ
494 2763 672 2839 δεπστάτσν.
722 2778 844 2861 κρατῶν
860 2761 915 2837 mir
930 2765 1092 2859 ἀμφότερα
1109 2767 1203 2852 όβα-

170 2967 204 3022 10
218 2967 429 3032 κοκκίνονς”ιιαλ
447 2938 557 3038 ἀστέρας
573 2925 643 3023 ὅσον
659 2965 836 3036 δισπιθάμας
853 2963 898 3021 ΑΒ
986 2997 988 3004 1

105 3141 267 3210 mystagogia
282 3139 433 3211 peragitur,
460 3141 631 3210 imperatores
652 3139 756 3195 sedent.
791 3143 820 3193 at
843 3140 985 3193 decantuto
1009 3137 1136 3208 trisagio,
1159 3139 1204 3194 uel

105 3211 254 3276 apostolicis
270 3211 409 3280 scripturis
426 3211 577 3280 divinisque
595 3210 741 3278 euangeliis
758 3207 850 3277 lectis,
873 3215 984 3277 snrgunt
1001 3218 1029 3261 et
1045 3209 1109 3279 ipsi.
1145 3226 1204 3264 cum

104 3285 185 3331 auum
202 3289 315 3350 utraque
332 3298 365 3332 ex
383 3289 459 3350 parte
476 3280 566 3350 templi
585 3279 689 3350 ligneae
706 3277 866 3332 anabathrae
891 3278 960 3331 hunc
983 3277 1068 3346 ipsum
1084 3277 1112 3330 in
1128 3295 1202 3334 usum

105 3356 249 3402 exstructae
273 3349 341 3417 sint,
369 3365 434 3420 quas
460 3357 589 3420 occupant
613 3349 793 3421 protopsaltae
820 3355 848 3400 et
870 3345 1007 3400 domestici
1020 3345 1061 3402 ‘ct
1077 3347 1203 3417 lectores,

35 3473 40 3490 Ι
105 3429 167 3480 quos
191 3418 278 3472 veteri
302 3437 373 3472 ruore
398 3419 426 3472 in
450 3417 596 3473 huiusmodi
614 3417 783 3490 panegyricis
800 3415 877 3469 iestis
893 3423 921 3470 et
938 3413 1131 3471 initiationibus
1148 3417 1203 3470 cla-

105 3491 213 3540 matores
231 3499 335 3557 vocant,
356 3488 402 3558 qui
419 3495 517 3550 canunt
535 3487 639 3545 cantica
656 3489 784 3558 quaedam
801 3487 852 3540 huc
870 3486 996 3540 facientia
1012 3493 1040 3540 ct
1057 3503 1202 3540 accommo-

104 3551 176 3620 (λεῖος
193 3558 365 3628 quintusque
382 3575 415 3610 ex
431 3567 507 3629 parte
524 3563 616 3611 tenent
631 3565 687 3610 tres
705 3557 803 3625 hastas,
822 3555 926 3609 circulis
940 3555 1034 3624 ligneis
1051 3552 1201 3638 insignitas*2

105 3637 136 3672 ex
158 3627 251 3694 quibus
273 3625 301 3678 in
324 3627 414 3680 orbem
438 3625 519 3698 panni
544 3626 624 3679 serici
648 3626 766 3679 coccinei
792 3631 819 3679 et
836 3625 941 3678 candidi
958 3626 1108 3694 dependent
1125 3641 1202 3694 quasu

104 3688 207 3748 duarum
224 3695 420 3779 epithematum.
454 3714 523 3765 quac
541 3696 660 3763 (hastae)
679 3702 786 3764 peracte
802 3694 910 3764 liturgia
924 3695 1108 3764 imperatorem
1123 3701 1199 3746 ante-

104 3761 211 3833 cedunt,
235 3765 268 3816 tie
293 3773 321 3818 et
344 3767 390 3834 qui
410 3766 482 3838 ipsas
505 3773 612 3834 portant
622 3765 815 3888 praeeuntibus
837 3772 864 3817 et
881 3763 1047 3818 cantantibus
1064 3778 1148 3832 usquo
1166 3762 1201 3816 ad

104 3843 217 3900 magnum
232 3834 369 3905 palatium.
404 3853 456 3905 quo
476 3846 562 3888 autem
580 3852 621 3888 mo
641 3853 656 3888 o
673 3835 725 3887 hoc
741 3835 796 3903 nat,
814 3833 884 3888 ratio
902 3833 1050 3905 quaeritur.

168 3935 278 3999 Quando
296 3937 379 4006 igitur
394 3937 423 3992 iu
440 3955 533 4006 magno
556 3937 667 3992 introitu
683 3938 823 3992 inchoatur
838 3937 966 4007 hymnus,
991 3933 1147 3989 accedentes
1165 3949 1200 3987 ex

104 3995 309 4062 honoratioribus
327 4007 454 4061 ecclesiae
470 4007 589 4079 diaconis
605 4008 720 4062 invitant
734 4009 927 4084 imperatorem.
963 4004 1008 4058 ill'e
1024 4019 1082 4056 cum
1099 4002 1151 4056 iltis
1167 4021 1204 4056 se

104 4074 256 4132 consented
278 4075 362 4130 iocum
386 4075 433 4146 qui
455 4078 588 4147 prothesis
609 4077 770 4148 appellatur,
799 4076 846 4132 ubi
870 4082 969 4130 sauma·
983 4073 1102 4142 reposita
1125 4081 1207 4130 suot*

103 4145 211 4200 osterum
230 4147 319 4200 adhuc
344 4151 420 4200 extra
445 4147 581 4216 prothasio
600 4155 674 4201 stans
696 4147 783 4202 induit
804 4162 885 4218 super
905 4159 1009 4199 saccum
1032 4149 1063 4195 eh
1075 4141 1198 4196 diadema

104 4214 235 4286 ξυναόρων
258 4231 382 4280 aureum3
411 4215 504 4268 dextra
528 4233 605 4269 manu
629 4224 842 4284 nemetensem,
866 4222 946 4284 prout
971 4211 1051 4266 moris
1068 4212 1198 4266 ostiarus

102 4288 290 4354 lmpsrotorem,
307 4286 412 4354 quando
427 4292 515 4353 gestat
531 4293 649 4340 ετοειιαια.
674 4286 784 4340 sinistra
800 4291 875 4340 tenet
891 4281 1041 4337 narthecem
1058 4297 1112 4334 seui
1122 4282 1197 4334 icru-

103 4340 160 4404 lsn.
192 4354 322 4426 habetque
337 4361 402 4409 tuuc
418 4353 504 4408 locum
519 4353 723 4410 ecdesiasticum
740 4371 819 4426 quem
833 4360 933 4410 vocant
947 4349 1079 4422 deputati.
1112 4348 1198 4430 impc-
