<?xml version="1.0" encoding="UTF-8"?>
<!DOCTYPE html PUBLIC "-//W3C//DTD XHTML 1.0 Transitional//EN"
    "http://www.w3.org/TR/xhtml1/DTD/xhtml1-transitional.dtd">
<html xmlns="http://www.w3.org/1999/xhtml" xml:lang="en" lang="en">
 <head>
  <title>
</title>
<meta http-equiv="Content-Type" content="text/html;charset=utf-8" />
  <meta name='ocr-system' content='tesseract 3.04.00' />
  <meta name='ocr-capabilities' content='ocr_page ocr_carea ocr_par ocr_line ocrx_word'/>
</head>
<body>
  <div class='ocr_page' id='page_1' title='image "./deofficialibusp01bekkgoog/deofficialibusp01bekkgoog_0337.png"; bbox 0 0 3034 4916; ppageno 0'>
   <div class='ocr_carea' id='block_1_1' title="bbox 300 265 1393 392">
    <p class='ocr_par' dir='ltr' id='par_1_1' title="bbox 300 265 1393 392">
     <span class='ocr_line' id='line_1_1' title="bbox 300 265 1393 392; baseline -0.005 0"><span class='ocrx_word' id='word_1_1' title='bbox 300 319 376 392; x_wconf 79' lang='lat' dir='ltr'><strong>era</strong></span> <span class='ocrx_word' id='word_1_2' title='bbox 466 317 745 389; x_wconf 44' lang='lat' dir='ltr'><strong>caursemur‘</strong></span> <span class='ocrx_word' id='word_1_3' title='bbox 759 319 891 387; x_wconf 86' lang='lat' dir='ltr'><strong>conu</strong></span> <span class='ocrx_word' id='word_1_4' title='bbox 905 265 1289 389; x_wconf 49' lang='lat' dir='ltr'><strong>couuuurrmus&#39;</strong></span> <span class='ocrx_word' id='word_1_5' title='bbox 1391 273 1393 280; x_wconf 61' lang='grc'><strong>’</strong></span> 
     </span>
    </p>
   </div>
   <div class='ocr_carea' id='block_1_2' title="bbox 191 475 1400 4192">
    <p class='ocr_par' dir='ltr' id='par_1_2' title="bbox 214 475 1400 991">
     <span class='ocr_line' id='line_1_2' title="bbox 214 475 1397 568; baseline -0.003 -19"><span class='ocrx_word' id='word_1_6' title='bbox 214 517 222 538; x_wconf 58' lang='grc'><strong>·»</strong></span> <span class='ocrx_word' id='word_1_7' title='bbox 300 475 440 568; x_wconf 66' lang='grc' dir='ltr'><strong>’ὄδηκῶκς</strong></span> <span class='ocrx_word' id='word_1_8' title='bbox 467 483 609 544; x_wconf 82' lang='lat' dir='ltr'><strong>ferebatur</strong></span> <span class='ocrx_word' id='word_1_9' title='bbox 628 489 722 543; x_wconf 91' lang='lat' dir='ltr'><strong>autem</strong></span> <span class='ocrx_word' id='word_1_10' title='bbox 743 483 857 565; x_wconf 90' lang='lat' dir='ltr'><strong>pietatis</strong></span> <span class='ocrx_word' id='word_1_11' title='bbox 868 502 952 544; x_wconf 86' lang='lat' dir='ltr'><strong>causa</strong></span> <span class='ocrx_word' id='word_1_12' title='bbox 965 485 1004 544; x_wconf 89' lang='lat' dir='ltr'><strong>ad</strong></span> <span class='ocrx_word' id='word_1_13' title='bbox 1018 483 1111 545; x_wconf 91' lang='lat' dir='ltr'><strong>aulam</strong></span> <span class='ocrx_word' id='word_1_14' title='bbox 1124 483 1228 544; x_wconf 80' lang='lat' dir='ltr'><strong>ultimis</strong></span> <span class='ocrx_word' id='word_1_15' title='bbox 1242 485 1397 565; x_wconf 84' lang='lat' dir='ltr'><strong>quadrage·</strong></span> 
     </span>
     <span class='ocr_line' id='line_1_3' title="bbox 298 569 1396 647; baseline 0.001 -16"><span class='ocrx_word' id='word_1_16' title='bbox 298 573 385 631; x_wconf 88' lang='lat' dir='ltr'><strong>simae</strong></span> <span class='ocrx_word' id='word_1_17' title='bbox 406 569 520 646; x_wconf 90' lang='lat' dir='ltr'><strong>diebus,</strong></span> <span class='ocrx_word' id='word_1_18' title='bbox 543 587 645 647; x_wconf 86' lang='lat' dir='ltr'><strong>nempe</strong></span> <span class='ocrx_word' id='word_1_19' title='bbox 664 569 735 628; x_wconf 86' lang='lat' dir='ltr'><strong>feria</strong></span> <span class='ocrx_word' id='word_1_20' title='bbox 758 569 805 628; x_wconf 89' lang='lat' dir='ltr'><strong>illa</strong></span> <span class='ocrx_word' id='word_1_21' title='bbox 828 571 927 646; x_wconf 90' lang='lat' dir='ltr'><strong>quinta</strong></span> <span class='ocrx_word' id='word_1_22' title='bbox 945 587 1016 646; x_wconf 88' lang='lat' dir='ltr'><strong>quae</strong></span> <span class='ocrx_word' id='word_1_23' title='bbox 1030 576 1156 629; x_wconf 91' lang='lat' dir='ltr'><strong>nostram</strong></span> <span class='ocrx_word' id='word_1_24' title='bbox 1171 569 1338 632; x_wconf 86' lang='lat' dir='ltr'><strong>dominicam</strong></span> <span class='ocrx_word' id='word_1_25' title='bbox 1350 573 1396 632; x_wconf 86' lang='grc' dir='ltr'><strong>Ικ-</strong></span> 
     </span>
     <span class='ocr_line' id='line_1_4' title="bbox 299 653 1396 736; baseline 0.002 -22"><span class='ocrx_word' id='word_1_26' title='bbox 299 655 362 716; x_wconf 84' lang='lat' dir='ltr'><strong>dico</strong></span> <span class='ocrx_word' id='word_1_27' title='bbox 383 653 539 728; x_wconf 85' lang='lat' dir='ltr'><strong>antecedit3</strong></span> <span class='ocrx_word' id='word_1_28' title='bbox 567 655 755 730; x_wconf 84' lang='lat' dir='ltr'><strong>manebatque</strong></span> <span class='ocrx_word' id='word_1_29' title='bbox 777 655 808 712; x_wconf 89' lang='lat' dir='ltr'><strong>in</strong></span> <span class='ocrx_word' id='word_1_30' title='bbox 828 655 935 736; x_wconf 86' lang='lat' dir='ltr'><strong>palatio</strong></span> <span class='ocrx_word' id='word_1_31' title='bbox 959 674 1049 731; x_wconf 86' lang='lat' dir='ltr'><strong>usque</strong></span> <span class='ocrx_word' id='word_1_32' title='bbox 1070 657 1107 713; x_wconf 91' lang='lat' dir='ltr'><strong>ad</strong></span> <span class='ocrx_word' id='word_1_33' title='bbox 1128 658 1281 716; x_wconf 86' lang='lat' dir='ltr'><strong>secundam</strong></span> <span class='ocrx_word' id='word_1_34' title='bbox 1302 658 1396 716; x_wconf 81' lang='lat' dir='ltr'><strong>feriam</strong></span> 
     </span>
     <span class='ocr_line' id='line_1_5' title="bbox 299 739 1399 819; baseline 0.002 -19"><span class='ocrx_word' id='word_1_35' title='bbox 299 739 461 814; x_wconf 81' lang='lat' dir='ltr'><strong>Paschatis3</strong></span> <span class='ocrx_word' id='word_1_36' title='bbox 479 760 536 816; x_wconf 92' lang='lat' dir='ltr'><strong>quo</strong></span> <span class='ocrx_word' id='word_1_37' title='bbox 551 741 597 806; x_wconf 88' lang='lat' dir='ltr'><strong>die</strong></span> <span class='ocrx_word' id='word_1_38' title='bbox 610 741 783 799; x_wconf 80' lang='lat' dir='ltr'>referebatur</span> <span class='ocrx_word' id='word_1_39' title='bbox 795 741 825 798; x_wconf 91' lang='lat' dir='ltr'><strong>in</strong></span> <span class='ocrx_word' id='word_1_40' title='bbox 838 741 1038 800; x_wconf 88' lang='lat' dir='ltr'><strong>monasterium</strong></span> <span class='ocrx_word' id='word_1_41' title='bbox 1051 746 1081 798; x_wconf 93' lang='lat' dir='ltr'><strong>et</strong></span> <span class='ocrx_word' id='word_1_42' title='bbox 1096 739 1238 819; x_wconf 91' lang='lat' dir='ltr'><strong>templum·</strong></span> <span class='ocrx_word' id='word_1_43' title='bbox 1249 745 1312 802; x_wconf 82' lang='grc' dir='ltr'><strong>ταῖν</strong></span> <span class='ocrx_word' id='word_1_44' title='bbox 1325 741 1399 818; x_wconf 75' lang='grc' dir='ltr'><strong>ὁδη-</strong></span> 
     </span>
     <span class='ocr_line' id='line_1_6' title="bbox 300 825 1398 908; baseline -0.002 -22"><span class='ocrx_word' id='word_1_45' title='bbox 300 829 375 908; x_wconf 76' lang='lat' dir='ltr'><strong>yoiv.</strong></span> <span class='ocrx_word' id='word_1_46' title='bbox 417 832 462 884; x_wconf 90' lang='lat' dir='ltr'><strong>est</strong></span> <span class='ocrx_word' id='word_1_47' title='bbox 475 827 544 884; x_wconf 88' lang='lat' dir='ltr'><strong>haec</strong></span> <span class='ocrx_word' id='word_1_48' title='bbox 555 826 665 903; x_wconf 89' lang='lat' dir='ltr'><strong>imago,</strong></span> <span class='ocrx_word' id='word_1_49' title='bbox 687 826 725 885; x_wconf 90' lang='lat' dir='ltr'><strong>ad</strong></span> <span class='ocrx_word' id='word_1_50' title='bbox 740 843 838 902; x_wconf 90' lang='lat' dir='ltr'><strong>quam,</strong></span> <span class='ocrx_word' id='word_1_51' title='bbox 860 832 943 905; x_wconf 89' lang='lat' dir='ltr'><strong>capta</strong></span> <span class='ocrx_word' id='word_1_52' title='bbox 956 825 992 884; x_wconf 89' lang='lat' dir='ltr'><strong>ab</strong></span> <span class='ocrx_word' id='word_1_53' title='bbox 1005 825 1168 885; x_wconf 82' lang='lat' dir='ltr'><strong>Andronico</strong></span> <span class='ocrx_word' id='word_1_54' title='bbox 1185 826 1293 886; x_wconf 90' lang='lat' dir='ltr'><strong>iuniore</strong></span> <span class='ocrx_word' id='word_1_55' title='bbox 1307 827 1398 906; x_wconf 86' lang='lat' dir='ltr'><strong>Cpoli,</strong></span> 
     </span>
     <span class='ocr_line' id='line_1_7' title="bbox 299 908 1400 991; baseline 0.001 -22"><span class='ocrx_word' id='word_1_56' title='bbox 299 908 476 970; x_wconf 84' lang='lat' dir='ltr'><strong>Andronicus</strong></span> <span class='ocrx_word' id='word_1_57' title='bbox 490 911 583 970; x_wconf 88' lang='lat' dir='ltr'><strong>senior</strong></span> <span class='ocrx_word' id='word_1_58' title='bbox 602 911 722 991; x_wconf 76' lang='lat' dir='ltr'>supplex</span> <span class='ocrx_word' id='word_1_59' title='bbox 736 911 870 988; x_wconf 81' lang='lat' dir='ltr'><strong>confugit.</strong></span> <span class='ocrx_word' id='word_1_60' title='bbox 912 925 970 970; x_wconf 91' lang='lat' dir='ltr'><strong>rem</strong></span> <span class='ocrx_word' id='word_1_61' title='bbox 987 917 1084 969; x_wconf 88' lang='lat' dir='ltr'><strong>narrat</strong></span> <span class='ocrx_word' id='word_1_62' title='bbox 1097 910 1274 989; x_wconf 87' lang='lat' dir='ltr'><strong>Nicephorus</strong></span> <span class='ocrx_word' id='word_1_63' title='bbox 1290 911 1400 988; x_wconf 89' lang='lat' dir='ltr'><strong>Grego-</strong></span> 
     </span>
    </p>

    <p class='ocr_par' dir='ltr' id='par_1_3' title="bbox 191 989 1398 1248">
     <span class='ocr_line' id='line_1_8' title="bbox 194 989 1397 1074; baseline 0.002 -22"><span class='ocrx_word' id='word_1_64' title='bbox 194 999 285 1056; x_wconf 77' lang='lat' dir='ltr'>P284</span> <span class='ocrx_word' id='word_1_65' title='bbox 301 1015 347 1054; x_wconf 88' lang='lat' dir='ltr'><strong>ras</strong></span> <span class='ocrx_word' id='word_1_66' title='bbox 369 996 388 1055; x_wconf 98' lang='lat' dir='ltr'><strong>l.</strong></span> <span class='ocrx_word' id='word_1_67' title='bbox 409 989 442 1062; x_wconf 77' lang='lat'><strong>9&#39;</strong></span> <span class='ocrx_word' id='word_1_68' title='bbox 452 1015 479 1074; x_wconf 91' lang='lat' dir='ltr'><strong>p.</strong></span> <span class='ocrx_word' id='word_1_69' title='bbox 502 995 564 1060; x_wconf 76' lang='lat'><strong>422</strong></span> <span class='ocrx_word' id='word_1_70' title='bbox 580 995 671 1055; x_wconf 76' lang='lat' dir='ltr'><strong>Boura</strong></span> <span class='ocrx_word' id='word_1_71' title='bbox 714 1015 777 1054; x_wconf 93' lang='lat' dir='ltr'><strong>cum</strong></span> <span class='ocrx_word' id='word_1_72' title='bbox 797 1003 891 1055; x_wconf 89' lang='lat' dir='ltr'><strong>autem</strong></span> <span class='ocrx_word' id='word_1_73' title='bbox 910 1001 984 1055; x_wconf 88' lang='lat' dir='ltr'><strong>teste</strong></span> <span class='ocrx_word' id='word_1_74' title='bbox 1006 998 1105 1055; x_wconf 91' lang='lat' dir='ltr'><strong>eodem</strong></span> <span class='ocrx_word' id='word_1_75' title='bbox 1126 995 1257 1074; x_wconf 86' lang='lat' dir='ltr'><strong>Gregora</strong></span> <span class='ocrx_word' id='word_1_76' title='bbox 1275 995 1319 1058; x_wconf 78' lang='lat'><strong>24</strong></span> <span class='ocrx_word' id='word_1_77' title='bbox 1340 999 1397 1056; x_wconf 77' lang='lat' dir='ltr'><strong>(lies</strong></span> 
     </span>
     <span class='ocr_line' id='line_1_9' title="bbox 298 1079 1398 1160; baseline -0.003 -17"><span class='ocrx_word' id='word_1_78' title='bbox 298 1081 367 1143; x_wconf 85' lang='lat' dir='ltr'><strong>Maii</strong></span> <span class='ocrx_word' id='word_1_79' title='bbox 388 1087 519 1158; x_wconf 80' lang='lat' dir='ltr'><strong>ageretur</strong></span> <span class='ocrx_word' id='word_1_80' title='bbox 533 1083 648 1155; x_wconf 90' lang='lat' dir='ltr'><strong>quaudo</strong></span> <span class='ocrx_word' id='word_1_81' title='bbox 660 1101 678 1140; x_wconf 92' lang='lat' dir='ltr'><strong>a</strong></span> <span class='ocrx_word' id='word_1_82' title='bbox 691 1082 798 1140; x_wconf 88' lang='lat' dir='ltr'><strong>iuniore</strong></span> <span class='ocrx_word' id='word_1_83' title='bbox 817 1079 978 1140; x_wconf 85' lang='lat' dir='ltr'><strong>Andronico</strong></span> <span class='ocrx_word' id='word_1_84' title='bbox 993 1081 1092 1160; x_wconf 88' lang='lat' dir='ltr'><strong>Cpolis</strong></span> <span class='ocrx_word' id='word_1_85' title='bbox 1107 1087 1191 1159; x_wconf 89' lang='lat' dir='ltr'><strong>capta</strong></span> <span class='ocrx_word' id='word_1_86' title='bbox 1204 1087 1265 1158; x_wconf 88' lang='lat' dir='ltr'><strong>est,</strong></span> <span class='ocrx_word' id='word_1_87' title='bbox 1286 1101 1398 1140; x_wconf 85' lang='lat' dir='ltr'><strong>necesse</strong></span> 
     </span>
     <span class='ocr_line' id='line_1_10' title="bbox 191 1165 1398 1248; baseline 0 -21"><span class='ocrx_word' id='word_1_88' title='bbox 191 1207 192 1210; x_wconf 56' lang='lat'><em>=</em></span> <span class='ocrx_word' id='word_1_89' title='bbox 297 1174 343 1227; x_wconf 88' lang='lat' dir='ltr'><strong>est</strong></span> <span class='ocrx_word' id='word_1_90' title='bbox 356 1167 504 1244; x_wconf 85' lang='lat' dir='ltr'><strong>imaginem</strong></span> <span class='ocrx_word' id='word_1_91' title='bbox 517 1167 631 1242; x_wconf 82' lang='lat' dir='ltr'><strong>virginis</strong></span> <span class='ocrx_word' id='word_1_92' title='bbox 645 1165 836 1244; x_wconf 82' lang='lat' dir='ltr'><strong>Hodegetriae</strong></span> <span class='ocrx_word' id='word_1_93' title='bbox 849 1173 928 1227; x_wconf 82' lang='lat' dir='ltr'><strong>extra</strong></span> <span class='ocrx_word' id='word_1_94' title='bbox 943 1167 1068 1225; x_wconf 86' lang='lat' dir='ltr'><strong>ordinem</strong></span> <span class='ocrx_word' id='word_1_95' title='bbox 1084 1168 1288 1246; x_wconf 88' lang='lat' dir='ltr'><strong>praescriptum</strong></span> <span class='ocrx_word' id='word_1_96' title='bbox 1305 1167 1333 1224; x_wconf 91' lang='lat' dir='ltr'><strong>in</strong></span> <span class='ocrx_word' id='word_1_97' title='bbox 1348 1187 1398 1248; x_wconf 92' lang='lat' dir='ltr'><strong>pa-</strong></span> 
     </span>
    </p>

    <p class='ocr_par' dir='ltr' id='par_1_4' title="bbox 200 1247 1398 1483">
     <span class='ocr_line' id='line_1_11' title="bbox 200 1247 1398 1332; baseline -0.002 -20"><span class='ocrx_word' id='word_1_98' title='bbox 200 1252 204 1260; x_wconf 87' lang='lat'>&#39;</span> <span class='ocrx_word' id='word_1_99' title='bbox 297 1253 367 1312; x_wconf 89' lang='lat' dir='ltr'><strong>latio</strong></span> <span class='ocrx_word' id='word_1_100' title='bbox 381 1251 482 1324; x_wconf 83' lang='lat' dir='ltr'><strong>fuisse3</strong></span> <span class='ocrx_word' id='word_1_101' title='bbox 504 1257 533 1309; x_wconf 89' lang='lat' dir='ltr'><strong>et</strong></span> <span class='ocrx_word' id='word_1_102' title='bbox 553 1253 627 1312; x_wconf 85' lang='lat' dir='ltr'><strong>forte</strong></span> <span class='ocrx_word' id='word_1_103' title='bbox 649 1247 827 1311; x_wconf 88' lang='lat' dir='ltr'><strong>Andronicus</strong></span> <span class='ocrx_word' id='word_1_104' title='bbox 840 1253 933 1312; x_wconf 89' lang='lat' dir='ltr'><strong>senior</strong></span> <span class='ocrx_word' id='word_1_105' title='bbox 947 1253 1100 1311; x_wconf 88' lang='lat' dir='ltr'><strong>defectione</strong></span> <span class='ocrx_word' id='word_1_106' title='bbox 1116 1252 1164 1310; x_wconf 90' lang='lat' dir='ltr'><strong>illa</strong></span> <span class='ocrx_word' id='word_1_107' title='bbox 1183 1253 1297 1332; x_wconf 82' lang='lat' dir='ltr'><strong>nepotis</strong></span> <span class='ocrx_word' id='word_1_108' title='bbox 1311 1257 1342 1310; x_wconf 90' lang='lat' dir='ltr'><strong>et</strong></span> <span class='ocrx_word' id='word_1_109' title='bbox 1355 1271 1398 1310; x_wconf 88' lang='lat' dir='ltr'><strong>as-</strong></span> 
     </span>
     <span class='ocr_line' id='line_1_12' title="bbox 298 1335 1398 1420; baseline -0.002 -22"><span class='ocrx_word' id='word_1_110' title='bbox 298 1337 433 1398; x_wconf 87' lang='lat' dir='ltr'><strong>seclarum</strong></span> <span class='ocrx_word' id='word_1_111' title='bbox 447 1342 601 1396; x_wconf 88' lang='lat' dir='ltr'><strong>commotus</strong></span> <span class='ocrx_word' id='word_1_112' title='bbox 618 1355 680 1398; x_wconf 91' lang='lat' dir='ltr'><strong>eam</strong></span> <span class='ocrx_word' id='word_1_113' title='bbox 692 1339 722 1397; x_wconf 89' lang='lat' dir='ltr'><strong>iu</strong></span> <span class='ocrx_word' id='word_1_114' title='bbox 735 1337 870 1418; x_wconf 86' lang='lat' dir='ltr'><strong>palatium</strong></span> <span class='ocrx_word' id='word_1_115' title='bbox 890 1335 983 1398; x_wconf 87' lang='lat' dir='ltr'><strong>solatii</strong></span> <span class='ocrx_word' id='word_1_116' title='bbox 1002 1343 1032 1396; x_wconf 90' lang='lat' dir='ltr'><strong>et</strong></span> <span class='ocrx_word' id='word_1_117' title='bbox 1048 1337 1166 1396; x_wconf 90' lang='lat' dir='ltr'><strong>subsidii</strong></span> <span class='ocrx_word' id='word_1_118' title='bbox 1188 1357 1274 1398; x_wconf 88' lang='lat' dir='ltr'><strong>causa</strong></span> <span class='ocrx_word' id='word_1_119' title='bbox 1296 1357 1398 1420; x_wconf 91' lang='lat' dir='ltr'><strong>appor-</strong></span> 
     </span>
     <span class='ocr_line' id='line_1_13' title="bbox 298 1423 585 1483; baseline -0.014 0"><span class='ocrx_word' id='word_1_120' title='bbox 298 1423 416 1483; x_wconf 85' lang='lat' dir='ltr'><strong>tandum</strong></span> <span class='ocrx_word' id='word_1_121' title='bbox 432 1427 585 1480; x_wconf 83' lang='lat' dir='ltr'><strong>curaverat.</strong></span> 
     </span>
    </p>

    <p class='ocr_par' dir='ltr' id='par_1_5' title="bbox 295 1502 1397 2010">
     <span class='ocr_line' id='line_1_14' title="bbox 384 1502 1396 1586; baseline 0.002 -22"><span class='ocrx_word' id='word_1_122' title='bbox 384 1507 461 1577; x_wconf 84' lang='lat' dir='ltr'><strong>Quid</strong></span> <span class='ocrx_word' id='word_1_123' title='bbox 478 1505 664 1564; x_wconf 87' lang='lat' dir='ltr'><strong>venerationis</strong></span> <span class='ocrx_word' id='word_1_124' title='bbox 682 1502 801 1566; x_wconf 85' lang='lat' dir='ltr'><strong>Michael</strong></span> <span class='ocrx_word' id='word_1_125' title='bbox 816 1505 1000 1584; x_wconf 81' lang='lat' dir='ltr'><strong>Palaeologus</strong></span> <span class='ocrx_word' id='word_1_126' title='bbox 1024 1507 1177 1586; x_wconf 88' lang='lat' dir='ltr'><strong>imperator</strong></span> <span class='ocrx_word' id='word_1_127' title='bbox 1199 1507 1315 1584; x_wconf 82' lang='lat' dir='ltr'><strong>imagini</strong></span> <span class='ocrx_word' id='word_1_128' title='bbox 1335 1506 1396 1566; x_wconf 89' lang='lat' dir='ltr'><strong>Ho-</strong></span> 
     </span>
     <span class='ocr_line' id='line_1_15' title="bbox 298 1588 1397 1674; baseline 0.004 -23"><span class='ocrx_word' id='word_1_129' title='bbox 298 1593 457 1670; x_wconf 85' lang='lat' dir='ltr'><strong>degetriae,</strong></span> <span class='ocrx_word' id='word_1_130' title='bbox 477 1591 599 1672; x_wconf 84' lang='lat' dir='ltr'><strong>expulsis</strong></span> <span class='ocrx_word' id='word_1_131' title='bbox 617 1588 726 1650; x_wconf 89' lang='lat' dir='ltr'><strong>Latinis</strong></span> <span class='ocrx_word' id='word_1_132' title='bbox 747 1593 849 1674; x_wconf 85' lang='lat' dir='ltr'><strong>Cpoli,</strong></span> <span class='ocrx_word' id='word_1_133' title='bbox 870 1593 1016 1672; x_wconf 88' lang='lat' dir='ltr'><strong>detulerit,</strong></span> <span class='ocrx_word' id='word_1_134' title='bbox 1038 1593 1154 1672; x_wconf 85' lang='lat' dir='ltr'><strong>exponit</strong></span> <span class='ocrx_word' id='word_1_135' title='bbox 1174 1592 1319 1672; x_wconf 89' lang='lat' dir='ltr'><strong>Gregoras</strong></span> <span class='ocrx_word' id='word_1_136' title='bbox 1339 1589 1397 1655; x_wconf 88' lang='lat'><strong>1.4</strong></span> 
     </span>
     <span class='ocr_line' id='line_1_16' title="bbox 296 1681 1395 1842; baseline 0.004 -24"><span class='ocrx_word' id='word_1_137' title='bbox 296 1695 317 1758; x_wconf 73' lang='lat' dir='ltr'>P</span> <span class='ocrx_word' id='word_1_138' title='bbox 336 1681 469 1828; x_wconf 21' lang='lat' dir='ltr'><strong>⁴8Porr0</strong></span> <span class='ocrx_word' id='word_1_139' title='bbox 490 1760 626 1840; x_wconf 89' lang='lat' dir='ltr'><strong>templum</strong></span> <span class='ocrx_word' id='word_1_140' title='bbox 644 1762 706 1823; x_wconf 82' lang='lat' dir='ltr'><strong>miv</strong></span> <span class='ocrx_word' id='word_1_141' title='bbox 727 1753 857 1840; x_wconf 65' lang='lat' dir='ltr'><strong>o‘drpyoir¹</strong></span> <span class='ocrx_word' id='word_1_142' title='bbox 874 1761 1030 1821; x_wconf 86' lang='lat' dir='ltr'><strong>aedificavit</strong></span> <span class='ocrx_word' id='word_1_143' title='bbox 1055 1759 1202 1820; x_wconf 87' lang='lat' dir='ltr'><strong>Pulcheria</strong></span> <span class='ocrx_word' id='word_1_144' title='bbox 1225 1763 1395 1842; x_wconf 75' lang='lat' dir='ltr'><strong>imperatrix,</strong></span> 
     </span>
     <span class='ocr_line' id='line_1_17' title="bbox 295 1843 1395 1927; baseline 0.004 -23"><span class='ocrx_word' id='word_1_145' title='bbox 295 1847 400 1923; x_wconf 89' lang='lat' dir='ltr'><strong>inquo</strong></span> <span class='ocrx_word' id='word_1_146' title='bbox 420 1847 541 1906; x_wconf 82' lang='lat' dir='ltr'><strong>divinam</strong></span> <span class='ocrx_word' id='word_1_147' title='bbox 562 1847 694 1924; x_wconf 89' lang='lat' dir='ltr'><strong>deiparae</strong></span> <span class='ocrx_word' id='word_1_148' title='bbox 715 1846 864 1924; x_wconf 84' lang='lat' dir='ltr'><strong>imaginem</strong></span> <span class='ocrx_word' id='word_1_149' title='bbox 887 1848 1028 1926; x_wconf 86' lang='lat' dir='ltr'><strong>reposuit,</strong></span> <span class='ocrx_word' id='word_1_150' title='bbox 1056 1864 1141 1922; x_wconf 90' lang='lat' dir='ltr'><strong>quam</strong></span> <span class='ocrx_word' id='word_1_151' title='bbox 1161 1843 1255 1906; x_wconf 87' lang='lat' dir='ltr'><strong>Lucas</strong></span> <span class='ocrx_word' id='word_1_152' title='bbox 1275 1869 1395 1927; x_wconf 87' lang='lat' dir='ltr'><strong>evauge-</strong></span> 
     </span>
     <span class='ocr_line' id='line_1_18' title="bbox 296 1929 1231 2010; baseline -0.002 -18"><span class='ocrx_word' id='word_1_153' title='bbox 296 1933 363 1992; x_wconf 89' lang='lat' dir='ltr'><strong>lista</strong></span> <span class='ocrx_word' id='word_1_154' title='bbox 378 1933 407 1989; x_wconf 93' lang='lat' dir='ltr'><strong>in</strong></span> <span class='ocrx_word' id='word_1_155' title='bbox 428 1931 525 1991; x_wconf 89' lang='lat' dir='ltr'><strong>tabula</strong></span> <span class='ocrx_word' id='word_1_156' title='bbox 543 1932 684 2009; x_wconf 85' lang='lat' dir='ltr'><strong>depictam</strong></span> <span class='ocrx_word' id='word_1_157' title='bbox 701 1932 827 2009; x_wconf 88' lang='lat' dir='ltr'><strong>reliquit,</strong></span> <span class='ocrx_word' id='word_1_158' title='bbox 849 1939 882 1991; x_wconf 90' lang='lat' dir='ltr'><strong>ut</strong></span> <span class='ocrx_word' id='word_1_159' title='bbox 902 1929 1231 2010; x_wconf 79' lang='lat' dir='ltr'><strong>aitNicephorus142.</strong></span> 
     </span>
    </p>

    <p class='ocr_par' dir='ltr' id='par_1_6' title="bbox 294 2015 1394 2432">
     <span class='ocr_line' id='line_1_19' title="bbox 380 2015 1394 2097; baseline -0.001 -22"><span class='ocrx_word' id='word_1_160' title='bbox 380 2017 454 2075; x_wconf 86' lang='lat' dir='ltr'><strong>Cum</strong></span> <span class='ocrx_word' id='word_1_161' title='bbox 473 2016 600 2075; x_wconf 88' lang='lat' dir='ltr'><strong>Isaacum</strong></span> <span class='ocrx_word' id='word_1_162' title='bbox 622 2015 761 2093; x_wconf 84' lang='lat' dir='ltr'><strong>Angelum</strong></span> <span class='ocrx_word' id='word_1_163' title='bbox 784 2018 851 2096; x_wconf 91' lang='lat' dir='ltr'><strong>imp.</strong></span> <span class='ocrx_word' id='word_1_164' title='bbox 872 2018 1055 2097; x_wconf 84' lang='lat' dir='ltr'><strong>Cpolitanum</strong></span> <span class='ocrx_word' id='word_1_165' title='bbox 1069 2018 1178 2076; x_wconf 86' lang='lat' dir='ltr'><strong>Branas</strong></span> <span class='ocrx_word' id='word_1_166' title='bbox 1192 2022 1269 2076; x_wconf 89' lang='lat' dir='ltr'><strong>arcte</strong></span> <span class='ocrx_word' id='word_1_167' title='bbox 1283 2017 1394 2076; x_wconf 89' lang='lat' dir='ltr'><strong>obside-</strong></span> 
     </span>
     <span class='ocr_line' id='line_1_20' title="bbox 295 2101 1392 2182; baseline 0.001 -23"><span class='ocrx_word' id='word_1_168' title='bbox 295 2106 357 2176; x_wconf 88' lang='lat' dir='ltr'><strong>ret,</strong></span> <span class='ocrx_word' id='word_1_169' title='bbox 378 2101 535 2178; x_wconf 84' lang='lat' dir='ltr'><strong>imperator-</strong></span> <span class='ocrx_word' id='word_1_170' title='bbox 554 2101 598 2159; x_wconf 85' lang='lat' dir='ltr'><strong>dei</strong></span> <span class='ocrx_word' id='word_1_171' title='bbox 618 2105 757 2177; x_wconf 78' lang='lat' dir='ltr'><strong>geaitm&#39;cia</strong></span> <span class='ocrx_word' id='word_1_172' title='bbox 777 2105 934 2180; x_wconf 81' lang='lat' dir='ltr'><strong>imaginem,</strong></span> <span class='ocrx_word' id='word_1_173' title='bbox 963 2124 1030 2182; x_wconf 79' lang='lat' dir='ltr'><strong>quoe</strong></span> <span class='ocrx_word' id='word_1_174' title='bbox 1045 2105 1079 2162; x_wconf 88' lang='lat' dir='ltr'><strong>ab</strong></span> <span class='ocrx_word' id='word_1_175' title='bbox 1097 2103 1223 2178; x_wconf 79' lang='lat' dir='ltr'><strong>Hodegio</strong></span> <span class='ocrx_word' id='word_1_176' title='bbox 1237 2107 1392 2162; x_wconf 81' lang='lat' dir='ltr'><strong>monasterio</strong></span> 
     </span>
     <span class='ocr_line' id='line_1_21' title="bbox 295 2185 1392 2266; baseline 0.002 -22"><span class='ocrx_word' id='word_1_177' title='bbox 295 2185 462 2260; x_wconf 83' lang='lat' dir='ltr'><strong>Hodegetriu</strong></span> <span class='ocrx_word' id='word_1_178' title='bbox 479 2190 664 2263; x_wconf 81' lang='lat' dir='ltr'><strong>nuncupatur,</strong></span> <span class='ocrx_word' id='word_1_179' title='bbox 689 2189 719 2244; x_wconf 84' lang='lat' dir='ltr'><strong>in</strong></span> <span class='ocrx_word' id='word_1_180' title='bbox 740 2191 840 2246; x_wconf 82' lang='lat' dir='ltr'><strong>moenia</strong></span> <span class='ocrx_word' id='word_1_181' title='bbox 862 2207 912 2266; x_wconf 82' lang='lat' dir='ltr'><strong>pro</strong></span> <span class='ocrx_word' id='word_1_182' title='bbox 932 2189 1006 2248; x_wconf 81' lang='lat' dir='ltr'><strong>callo</strong></span> <span class='ocrx_word' id='word_1_183' title='bbox 1019 2189 1225 2265; x_wconf 78' lang='lat' dir='ltr'><strong>inexpugnabili</strong></span> <span class='ocrx_word' id='word_1_184' title='bbox 1242 2189 1392 2264; x_wconf 77' lang='lat' dir='ltr'><strong>transtulit,</strong></span> 
     </span>
     <span class='ocr_line' id='line_1_22' title="bbox 295 2268 1392 2352; baseline 0.004 -24"><span class='ocrx_word' id='word_1_185' title='bbox 295 2276 329 2328; x_wconf 92' lang='lat' dir='ltr'><strong>ut</strong></span> <span class='ocrx_word' id='word_1_186' title='bbox 342 2270 439 2329; x_wconf 81' lang='lat' dir='ltr'><strong>scribit</strong></span> <span class='ocrx_word' id='word_1_187' title='bbox 451 2268 566 2328; x_wconf 79' lang='lat' dir='ltr'><strong>Nicetes</strong></span> <span class='ocrx_word' id='word_1_188' title='bbox 579 2270 732 2329; x_wconf 85' lang='lat' dir='ltr'><strong>Choniates</strong></span> <span class='ocrx_word' id='word_1_189' title='bbox 746 2271 764 2329; x_wconf 93' lang='lat' dir='ltr'><strong>l.</strong></span> <span class='ocrx_word' id='word_1_190' title='bbox 781 2273 798 2335; x_wconf 89' lang='lat'>1</span> <span class='ocrx_word' id='word_1_191' title='bbox 815 2273 852 2330; x_wconf 95' lang='lat' dir='ltr'><strong>de</strong></span> <span class='ocrx_word' id='word_1_192' title='bbox 868 2272 952 2331; x_wconf 87' lang='lat' dir='ltr'><strong>rebus</strong></span> <span class='ocrx_word' id='word_1_193' title='bbox 970 2273 1058 2352; x_wconf 86' lang='lat' dir='ltr'><strong>gestis</strong></span> <span class='ocrx_word' id='word_1_194' title='bbox 1076 2273 1167 2333; x_wconf 84' lang='lat' dir='ltr'><strong>Isaaci</strong></span> <span class='ocrx_word' id='word_1_195' title='bbox 1187 2271 1300 2351; x_wconf 86' lang='lat' dir='ltr'><strong>Augeli</strong></span> <span class='ocrx_word' id='word_1_196' title='bbox 1342 2291 1392 2332; x_wconf 91' lang='lat' dir='ltr'><strong>nec</strong></span> 
     </span>
     <span class='ocr_line' id='line_1_23' title="bbox 294 2355 818 2432; baseline 0.004 -18"><span class='ocrx_word' id='word_1_197' title='bbox 294 2357 417 2432; x_wconf 81' lang='lat' dir='ltr'><strong>frustra,</strong></span> <span class='ocrx_word' id='word_1_198' title='bbox 432 2362 466 2414; x_wconf 89' lang='lat' dir='ltr'><strong>ut</strong></span> <span class='ocrx_word' id='word_1_199' title='bbox 478 2355 543 2414; x_wconf 88' lang='lat' dir='ltr'><strong>felix</strong></span> <span class='ocrx_word' id='word_1_200' title='bbox 557 2356 647 2413; x_wconf 82' lang='lat' dir='ltr'><strong>exitus</strong></span> <span class='ocrx_word' id='word_1_201' title='bbox 661 2355 818 2416; x_wconf 84' lang='lat' dir='ltr'><strong>declaravit.</strong></span> 
     </span>
    </p>

    <p class='ocr_par' dir='ltr' id='par_1_7' title="bbox 294 2433 1392 2842">
     <span class='ocr_line' id='line_1_24' title="bbox 379 2433 1391 2518; baseline 0.001 -18"><span class='ocrx_word' id='word_1_202' title='bbox 379 2442 423 2500; x_wconf 90' lang='lat' dir='ltr'><strong>Ut</strong></span> <span class='ocrx_word' id='word_1_203' title='bbox 439 2441 631 2502; x_wconf 90' lang='lat' dir='ltr'><strong>iusiurandum</strong></span> <span class='ocrx_word' id='word_1_204' title='bbox 644 2461 677 2500; x_wconf 94' lang='lat' dir='ltr'><strong>eo</strong></span> <span class='ocrx_word' id='word_1_205' title='bbox 697 2433 801 2500; x_wconf 86' lang='lat' dir='ltr'><strong>lirniius</strong></span> <span class='ocrx_word' id='word_1_206' title='bbox 824 2447 916 2518; x_wconf 88' lang='lat' dir='ltr'><strong>esset,</strong></span> <span class='ocrx_word' id='word_1_207' title='bbox 941 2441 1030 2501; x_wconf 88' lang='lat' dir='ltr'><strong>voluit</strong></span> <span class='ocrx_word' id='word_1_208' title='bbox 1042 2440 1219 2502; x_wconf 89' lang='lat' dir='ltr'><strong>Andronicus</strong></span> <span class='ocrx_word' id='word_1_209' title='bbox 1235 2444 1330 2502; x_wconf 91' lang='lat' dir='ltr'><strong>senior</strong></span> <span class='ocrx_word' id='word_1_210' title='bbox 1343 2443 1391 2501; x_wconf 90' lang='lat' dir='ltr'><strong>im-</strong></span> 
     </span>
     <span class='ocr_line' id='line_1_25' title="bbox 294 2526 1392 2611; baseline 0.002 -26"><span class='ocrx_word' id='word_1_211' title='bbox 294 2533 409 2611; x_wconf 88' lang='lat' dir='ltr'><strong>perator</strong></span> <span class='ocrx_word' id='word_1_212' title='bbox 422 2527 474 2585; x_wconf 90' lang='lat' dir='ltr'><strong>sibi</strong></span> <span class='ocrx_word' id='word_1_213' title='bbox 488 2526 556 2585; x_wconf 90' lang='lat' dir='ltr'><strong>illud</strong></span> <span class='ocrx_word' id='word_1_214' title='bbox 570 2527 629 2595; x_wconf 87' lang='lat' dir='ltr'><strong>dari</strong></span> <span class='ocrx_word' id='word_1_215' title='bbox 653 2547 672 2586; x_wconf 91' lang='lat' dir='ltr'><strong>a</strong></span> <span class='ocrx_word' id='word_1_216' title='bbox 696 2527 831 2586; x_wconf 88' lang='lat' dir='ltr'><strong>Michaele</strong></span> <span class='ocrx_word' id='word_1_217' title='bbox 851 2527 989 2605; x_wconf 72' lang='lat' dir='ltr'><strong>catharo,</strong></span> <span class='ocrx_word' id='word_1_218' title='bbox 1014 2535 1118 2606; x_wconf 91' lang='lat' dir='ltr'><strong>nepote</strong></span> <span class='ocrx_word' id='word_1_219' title='bbox 1141 2549 1211 2607; x_wconf 90' lang='lat' dir='ltr'><strong>suo,</strong></span> <span class='ocrx_word' id='word_1_220' title='bbox 1234 2549 1328 2588; x_wconf 91' lang='lat' dir='ltr'><strong>coram</strong></span> <span class='ocrx_word' id='word_1_221' title='bbox 1348 2549 1392 2587; x_wconf 90' lang='lat' dir='ltr'><strong>sa-</strong></span> 
     </span>
     <span class='ocr_line' id='line_1_26' title="bbox 294 2611 1392 2690; baseline -0.001 -19"><span class='ocrx_word' id='word_1_222' title='bbox 294 2620 441 2671; x_wconf 85' lang='lat' dir='ltr'><strong>crosancta</strong></span> <span class='ocrx_word' id='word_1_223' title='bbox 454 2613 575 2690; x_wconf 81' lang='lat' dir='ltr'><strong>imagine</strong></span> <span class='ocrx_word' id='word_1_224' title='bbox 588 2613 759 2672; x_wconf 85' lang='lat' dir='ltr'><strong>castissimae</strong></span> <span class='ocrx_word' id='word_1_225' title='bbox 778 2613 823 2671; x_wconf 91' lang='lat' dir='ltr'><strong>dei</strong></span> <span class='ocrx_word' id='word_1_226' title='bbox 842 2611 983 2690; x_wconf 81' lang='lat' dir='ltr'><strong>genitricis</strong></span> <span class='ocrx_word' id='word_1_227' title='bbox 1003 2614 1209 2690; x_wconf 88' lang='lat' dir='ltr'><strong>Hodegetriae,</strong></span> <span class='ocrx_word' id='word_1_228' title='bbox 1240 2621 1274 2672; x_wconf 93' lang='lat' dir='ltr'><strong>ut</strong></span> <span class='ocrx_word' id='word_1_229' title='bbox 1299 2615 1392 2674; x_wconf 87' lang='lat' dir='ltr'><strong>scribit</strong></span> 
     </span>
     <span class='ocr_line' id='line_1_27' title="bbox 297 2697 1391 2779; baseline 0.004 -25"><span class='ocrx_word' id='word_1_230' title='bbox 297 2698 440 2775; x_wconf 87' lang='lat' dir='ltr'><strong>Gregoras</strong></span> <span class='ocrx_word' id='word_1_231' title='bbox 459 2697 476 2755; x_wconf 96' lang='lat' dir='ltr'><strong>l.</strong></span> <span class='ocrx_word' id='word_1_232' title='bbox 493 2701 521 2761; x_wconf 88' lang='lat'><strong>8.</strong></span> <span class='ocrx_word' id='word_1_233' title='bbox 562 2697 766 2774; x_wconf 88' lang='lat' dir='ltr'><strong>Hodegetriam</strong></span> <span class='ocrx_word' id='word_1_234' title='bbox 784 2719 869 2779; x_wconf 88' lang='lat' dir='ltr'><strong>porro</strong></span> <span class='ocrx_word' id='word_1_235' title='bbox 885 2699 1086 2778; x_wconf 87' lang='lat' dir='ltr'><strong>interpretatur</strong></span> <span class='ocrx_word' id='word_1_236' title='bbox 1104 2699 1221 2760; x_wconf 89' lang='lat' dir='ltr'><strong>Wolfius</strong></span> <span class='ocrx_word' id='word_1_237' title='bbox 1241 2704 1302 2760; x_wconf 82' lang='lat' dir='ltr'><strong>otae</strong></span> <span class='ocrx_word' id='word_1_238' title='bbox 1321 2720 1391 2758; x_wconf 86' lang='lat' dir='ltr'><strong>mon-</strong></span> 
     </span>
     <span class='ocr_line' id='line_1_28' title="bbox 295 2781 669 2842; baseline 0.005 -2"><span class='ocrx_word' id='word_1_239' title='bbox 295 2787 443 2842; x_wconf 83' lang='lat' dir='ltr'><strong>stratricem</strong></span> <span class='ocrx_word' id='word_1_240' title='bbox 454 2781 504 2840; x_wconf 86' lang='lat' dir='ltr'><strong>¹seu</strong></span> <span class='ocrx_word' id='word_1_241' title='bbox 520 2782 669 2842; x_wconf 82' lang='lat' dir='ltr'><strong>dactm&#39;cem.</strong></span> 
     </span>
    </p>

    <p class='ocr_par' dir='ltr' id='par_1_8' title="bbox 294 2891 1391 3104">
     <span class='ocr_line' id='line_1_29' title="bbox 365 2891 1391 2984; baseline 0.002 -36"><span class='ocrx_word' id='word_1_242' title='bbox 365 2898 431 2952; x_wconf 84' lang='lat' dir='ltr'><strong>ibid.</strong></span> <span class='ocrx_word' id='word_1_243' title='bbox 452 2934 453 2939; x_wconf 66' lang='lat'><strong>,</strong></span> <span class='ocrx_word' id='word_1_244' title='bbox 471 2913 535 2948; x_wconf 88' lang='lat' dir='ltr'><strong>vere</strong></span> <span class='ocrx_word' id='word_1_245' title='bbox 559 2896 658 2964; x_wconf 87' lang='lat' dir='ltr'><strong>quidem</strong></span> <span class='ocrx_word' id='word_1_246' title='bbox 684 2899 825 2950; x_wconf 80' lang='lat' dir='ltr'><strong>Gretrerue</strong></span> <span class='ocrx_word' id='word_1_247' title='bbox 845 2891 897 2984; x_wconf 59' lang='lat' dir='ltr'><strong>vl?</strong></span> <span class='ocrx_word' id='word_1_248' title='bbox 921 2893 1018 2952; x_wconf 72' lang='lat' dir='ltr'><strong>eludas</strong></span> <span class='ocrx_word' id='word_1_249' title='bbox 1042 2898 1093 2967; x_wconf 75' lang='grc' dir='ltr'><strong>τῆς</strong></span> <span class='ocrx_word' id='word_1_250' title='bbox 1113 2895 1305 2968; x_wconf 56' lang='lat' dir='ltr'><strong>drogiacum,</strong></span> <span class='ocrx_word' id='word_1_251' title='bbox 1332 2891 1391 2968; x_wconf 75' lang='grc' dir='ltr'><strong>ἥτις</strong></span> 
     </span>
     <span class='ocr_line' id='line_1_30' title="bbox 295 2952 1391 3036; baseline 0.001 -19"><span class='ocrx_word' id='word_1_252' title='bbox 295 2952 327 3018; x_wconf 73' lang='grc' dir='ltr'><strong>ἔκ</strong></span> <span class='ocrx_word' id='word_1_253' title='bbox 352 2967 404 3032; x_wconf 77' lang='grc' dir='ltr'><strong>τῆς</strong></span> <span class='ocrx_word' id='word_1_254' title='bbox 423 2965 478 3016; x_wconf 77' lang='grc' dir='ltr'><strong>τῶν</strong></span> <span class='ocrx_word' id='word_1_255' title='bbox 498 2953 622 3032; x_wconf 78' lang='grc' dir='ltr'><strong><em>Ὁδηγῶκ</em></strong></span> <span class='ocrx_word' id='word_1_256' title='bbox 645 2967 747 3034; x_wconf 81' lang='grc' dir='ltr'><strong><em>μονῆς,</em></strong></span> <span class='ocrx_word' id='word_1_257' title='bbox 772 2961 840 3019; x_wconf 69' lang='grc' dir='ltr'><strong><em>καθ’</em></strong></span> <span class='ocrx_word' id='word_1_258' title='bbox 870 2985 906 3035; x_wconf 83' lang='grc' dir='ltr'><strong>ην</strong></span> <span class='ocrx_word' id='word_1_259' title='bbox 933 2965 1188 3036; x_wconf 75' lang='grc' dir='ltr'><strong><em>προσκεκλήρωται,</em></strong></span> <span class='ocrx_word' id='word_1_260' title='bbox 1208 2964 1391 3036; x_wconf 71' lang='grc' dir='ltr'><strong><em>Ὁδηγήκριακ</em></strong></span> 
     </span>
     <span class='ocr_line' id='line_1_31' title="bbox 294 3034 1389 3104; baseline 0.003 -20"><span class='ocrx_word' id='word_1_261' title='bbox 294 3034 517 3101; x_wconf 78' lang='grc' dir='ltr'><strong><em>προσκεκλῆσθαι</em></strong></span> <span class='ocrx_word' id='word_1_262' title='bbox 540 3035 631 3094; x_wconf 32' lang='lat' dir='ltr'><strong>refert,</strong></span> <span class='ocrx_word' id='word_1_263' title='bbox 647 3053 679 3087; x_wconf 86' lang='lat' dir='ltr'><strong>ex</strong></span> <span class='ocrx_word' id='word_1_264' title='bbox 700 3035 794 3087; x_wconf 86' lang='lat' dir='ltr'><strong>Niceta</strong></span> <span class='ocrx_word' id='word_1_265' title='bbox 818 3036 845 3087; x_wconf 91' lang='lat' dir='ltr'><strong>iu</strong></span> <span class='ocrx_word' id='word_1_266' title='bbox 865 3035 962 3088; x_wconf 80' lang='lat' dir='ltr'><strong>isaacio</strong></span> <span class='ocrx_word' id='word_1_267' title='bbox 990 3038 1087 3104; x_wconf 85' lang='lat' dir='ltr'><strong>Angelo</strong></span> <span class='ocrx_word' id='word_1_268' title='bbox 1110 3036 1129 3095; x_wconf 90' lang='lat' dir='ltr'><strong>l.</strong></span> <span class='ocrx_word' id='word_1_269' title='bbox 1156 3041 1179 3091; x_wconf 90' lang='lat'><strong>1.</strong></span> <span class='ocrx_word' id='word_1_270' title='bbox 1207 3037 1313 3090; x_wconf 90' lang='lat' dir='ltr'><strong>eandem</strong></span> <span class='ocrx_word' id='word_1_271' title='bbox 1331 3053 1389 3088; x_wconf 75' lang='lat' dir='ltr'><strong>vero</strong></span> 
     </span>
    </p>

    <p class='ocr_par' dir='ltr' id='par_1_9' title="bbox 210 3100 1390 4192">
     <span class='ocr_line' id='line_1_32' title="bbox 210 3100 1389 3174; baseline 0.003 -20"><span class='ocrx_word' id='word_1_272' title='bbox 210 3137 212 3140; x_wconf 94' lang='lat'>-</span> <span class='ocrx_word' id='word_1_273' title='bbox 283 3111 454 3168; x_wconf 67' lang='lat' dir='ltr'><strong>asserturus,</strong></span> <span class='ocrx_word' id='word_1_274' title='bbox 470 3101 503 3154; x_wconf 85' lang='lat' dir='ltr'><strong>ad</strong></span> <span class='ocrx_word' id='word_1_275' title='bbox 520 3115 595 3171; x_wconf 85' lang='lat' dir='ltr'><strong>quarn</strong></span> <span class='ocrx_word' id='word_1_276' title='bbox 614 3100 679 3154; x_wconf 86' lang='lat' dir='ltr'><strong>bello</strong></span> <span class='ocrx_word' id='word_1_277' title='bbox 695 3120 799 3171; x_wconf 88' lang='lat' dir='ltr'><strong>pressus</strong></span> <span class='ocrx_word' id='word_1_278' title='bbox 816 3109 843 3156; x_wconf 88' lang='lat' dir='ltr'><strong>et</strong></span> <span class='ocrx_word' id='word_1_279' title='bbox 860 3121 876 3156; x_wconf 84' lang='lat' dir='ltr'><strong>a</strong></span> <span class='ocrx_word' id='word_1_280' title='bbox 894 3111 987 3174; x_wconf 87' lang='lat' dir='ltr'><strong>nepote</strong></span> <span class='ocrx_word' id='word_1_281' title='bbox 1009 3123 1039 3157; x_wconf 89' lang='lat' dir='ltr'><strong>oa</strong></span> <span class='ocrx_word' id='word_1_282' title='bbox 1058 3115 1100 3158; x_wconf 84' lang='lat' dir='ltr'><strong>tus</strong></span> <span class='ocrx_word' id='word_1_283' title='bbox 1123 3107 1209 3159; x_wconf 85' lang='lat' dir='ltr'><strong>senior</strong></span> <span class='ocrx_word' id='word_1_284' title='bbox 1231 3105 1389 3160; x_wconf 83' lang='lat' dir='ltr'><strong>Andronicus</strong></span> 
     </span>
     <span class='ocr_line' id='line_1_33' title="bbox 294 3171 1390 3244; baseline 0.001 -20"><span class='ocrx_word' id='word_1_285' title='bbox 294 3173 454 3240; x_wconf 85' lang='lat' dir='ltr'><strong>contugerit,</strong></span> <span class='ocrx_word' id='word_1_286' title='bbox 472 3177 501 3223; x_wconf 86' lang='lat' dir='ltr'><strong>ut</strong></span> <span class='ocrx_word' id='word_1_287' title='bbox 518 3189 573 3224; x_wconf 84' lang='lat' dir='ltr'><strong>earu</strong></span> <span class='ocrx_word' id='word_1_288' title='bbox 591 3171 720 3240; x_wconf 77' lang='lat' dir='ltr'><strong>amplexus</strong></span> <span class='ocrx_word' id='word_1_289' title='bbox 743 3171 813 3224; x_wconf 87' lang='lat' dir='ltr'><strong>vitae</strong></span> <span class='ocrx_word' id='word_1_290' title='bbox 835 3173 1014 3243; x_wconf 83' lang='lat' dir='ltr'><strong>libertatisque</strong></span> <span class='ocrx_word' id='word_1_291' title='bbox 1037 3176 1217 3228; x_wconf 86' lang='lat' dir='ltr'><strong>rmmunitatem</strong></span> <span class='ocrx_word' id='word_1_292' title='bbox 1240 3189 1390 3244; x_wconf 86' lang='lat' dir='ltr'><strong>assequere·</strong></span> 
     </span>
     <span class='ocr_line' id='line_1_34' title="bbox 293 3241 1389 3305; baseline 0.005 -13"><span class='ocrx_word' id='word_1_293' title='bbox 293 3248 352 3305; x_wconf 85' lang='lat' dir='ltr'><strong>tur,</strong></span> <span class='ocrx_word' id='word_1_294' title='bbox 371 3247 513 3294; x_wconf 80' lang='lat' dir='ltr'><strong>retentum</strong></span> <span class='ocrx_word' id='word_1_295' title='bbox 531 3247 635 3294; x_wconf 85' lang='lat' dir='ltr'><strong>anctore</strong></span> <span class='ocrx_word' id='word_1_296' title='bbox 653 3247 680 3292; x_wconf 85' lang='lat' dir='ltr'><strong>et</strong></span> <span class='ocrx_word' id='word_1_297' title='bbox 696 3246 764 3294; x_wconf 87' lang='lat' dir='ltr'><strong>teste</strong></span> <span class='ocrx_word' id='word_1_298' title='bbox 779 3241 865 3294; x_wconf 88' lang='lat' dir='ltr'><strong>firmat</strong></span> <span class='ocrx_word' id='word_1_299' title='bbox 881 3243 1023 3296; x_wconf 84' lang='lat' dir='ltr'><strong>Gretserus</strong></span> <span class='ocrx_word' id='word_1_300' title='bbox 1047 3259 1078 3296; x_wconf 87' lang='lat' dir='ltr'><strong>ac</strong></span> <span class='ocrx_word' id='word_1_301' title='bbox 1099 3244 1197 3296; x_wconf 86' lang='lat' dir='ltr'><strong>nonnisi</strong></span> <span class='ocrx_word' id='word_1_302' title='bbox 1214 3242 1305 3296; x_wconf 83' lang='lat' dir='ltr'><strong>dubius</strong></span> <span class='ocrx_word' id='word_1_303' title='bbox 1323 3243 1389 3297; x_wconf 88' lang='lat' dir='ltr'><strong>vati-</strong></span> 
     </span>
     <span class='ocr_line' id='line_1_35' title="bbox 292 3309 1389 3380; baseline 0.004 -18"><span class='ocrx_word' id='word_1_304' title='bbox 292 3309 401 3362; x_wconf 90' lang='lat' dir='ltr'><strong>cinatur.</strong></span> <span class='ocrx_word' id='word_1_305' title='bbox 419 3311 500 3363; x_wconf 84' lang='lat' dir='ltr'><strong>satius</strong></span> <span class='ocrx_word' id='word_1_306' title='bbox 519 3327 574 3363; x_wconf 87' lang='lat' dir='ltr'><strong>eam</strong></span> <span class='ocrx_word' id='word_1_307' title='bbox 591 3310 713 3374; x_wconf 82' lang='lat' dir='ltr'><strong>dixisset,</strong></span> <span class='ocrx_word' id='word_1_308' title='bbox 731 3326 813 3380; x_wconf 87' lang='lat' dir='ltr'><strong>quae,</strong></span> <span class='ocrx_word' id='word_1_309' title='bbox 829 3311 957 3372; x_wconf 76' lang='lat' dir='ltr'><strong>referente</strong></span> <span class='ocrx_word' id='word_1_310' title='bbox 974 3312 1109 3365; x_wconf 84' lang='lat' dir='ltr'><strong>Vincentio</strong></span> <span class='ocrx_word' id='word_1_311' title='bbox 1126 3314 1153 3365; x_wconf 92' lang='lat' dir='ltr'><strong>in</strong></span> <span class='ocrx_word' id='word_1_312' title='bbox 1170 3315 1248 3380; x_wconf 85' lang='lat' dir='ltr'><strong>Spec.</strong></span> <span class='ocrx_word' id='word_1_313' title='bbox 1267 3313 1338 3366; x_wconf 85' lang='lat' dir='ltr'><strong>Hist.</strong></span> <span class='ocrx_word' id='word_1_314' title='bbox 1356 3313 1389 3366; x_wconf 77' lang='lat'><strong>23</strong></span> 
     </span>
     <span class='ocr_line' id='line_1_36' title="bbox 293 3378 1389 3448; baseline 0.001 -14"><span class='ocrx_word' id='word_1_315' title='bbox 293 3378 360 3448; x_wconf 83' lang='lat'><strong>147,</strong></span> <span class='ocrx_word' id='word_1_316' title='bbox 377 3379 423 3431; x_wconf 89' lang='lat' dir='ltr'><strong>sub</strong></span> <span class='ocrx_word' id='word_1_317' title='bbox 440 3379 526 3431; x_wconf 85' lang='lat' dir='ltr'><strong>Leone</strong></span> <span class='ocrx_word' id='word_1_318' title='bbox 543 3379 630 3432; x_wconf 81' lang='lat' dir='ltr'><strong>isarno</strong></span> <span class='ocrx_word' id='word_1_319' title='bbox 647 3391 694 3448; x_wconf 88' lang='lat' dir='ltr'><strong>per</strong></span> <span class='ocrx_word' id='word_1_320' title='bbox 709 3397 792 3433; x_wconf 86' lang='lat' dir='ltr'><strong>muros</strong></span> <span class='ocrx_word' id='word_1_321' title='bbox 808 3378 879 3432; x_wconf 90' lang='lat' dir='ltr'><strong>urbis</strong></span> <span class='ocrx_word' id='word_1_322' title='bbox 899 3379 944 3434; x_wconf 82' lang='grc' dir='ltr'><strong>ΟΡ</strong></span> <span class='ocrx_word' id='word_1_323' title='bbox 960 3381 1037 3434; x_wconf 89' lang='lat' dir='ltr'><strong>ducta</strong></span> <span class='ocrx_word' id='word_1_324' title='bbox 1060 3381 1162 3435; x_wconf 83' lang='lat' dir='ltr'><strong>foedum</strong></span> <span class='ocrx_word' id='word_1_325' title='bbox 1180 3381 1317 3434; x_wconf 86' lang='lat' dir='ltr'><strong>Saracenis</strong></span> <span class='ocrx_word' id='word_1_326' title='bbox 1334 3397 1389 3435; x_wconf 85' lang='lat' dir='ltr'><strong>eam</strong></span> 
     </span>
     <span class='ocr_line' id='line_1_37' title="bbox 292 3443 1389 3536; baseline 0.002 -36"><span class='ocrx_word' id='word_1_327' title='bbox 292 3448 381 3501; x_wconf 87' lang='lat' dir='ltr'><strong>urbem</strong></span> <span class='ocrx_word' id='word_1_328' title='bbox 402 3448 576 3501; x_wconf 86' lang='lat' dir='ltr'><strong>obsidentibus</strong></span> <span class='ocrx_word' id='word_1_329' title='bbox 583 3449 672 3532; x_wconf 35' lang='lat' dir='ltr'><strong>‘intulit</strong></span> <span class='ocrx_word' id='word_1_330' title='bbox 688 3448 861 3530; x_wconf 77' lang='lat' dir='ltr'><strong>naufragium,</strong></span> <span class='ocrx_word' id='word_1_331' title='bbox 877 3443 1049 3536; x_wconf 61' lang='lat' dir='ltr'><strong>ddnpp&#39;rpcav</strong></span> <span class='ocrx_word' id='word_1_332' title='bbox 1063 3451 1185 3534; x_wconf 70' lang='lat' dir='ltr'><strong>siquidem</strong></span> <span class='ocrx_word' id='word_1_333' title='bbox 1197 3451 1305 3534; x_wconf 85' lang='lat' dir='ltr'><strong>referta</strong></span> <span class='ocrx_word' id='word_1_334' title='bbox 1319 3451 1389 3503; x_wconf 83' lang='lat' dir='ltr'><strong>Lucu</strong></span> 
     </span>
     <span class='ocr_line' id='line_1_38' title="bbox 292 3517 1389 3658; baseline 0.002 -19"><span class='ocrx_word' id='word_1_335' title='bbox 292 3517 1389 3658; x_wconf 47' lang='lat' dir='ltr'><strong>erraslaureari-terrerescrumenaestares</strong></span> 
     </span>
     <span class='ocr_line' id='line_1_39' title="bbox 291 3649 1387 3728; baseline 0 -20"><span class='ocrx_word' id='word_1_336' title='bbox 291 3655 374 3710; x_wconf 84' lang='lat' dir='ltr'><strong>sitam.</strong></span> <span class='ocrx_word' id='word_1_337' title='bbox 394 3654 513 3708; x_wconf 89' lang='lat' dir='ltr'><strong>audacior</strong></span> <span class='ocrx_word' id='word_1_338' title='bbox 530 3649 664 3724; x_wconf 82' lang='lat' dir='ltr'><strong>adiungam</strong></span> <span class='ocrx_word' id='word_1_339' title='bbox 681 3657 785 3710; x_wconf 87' lang='lat' dir='ltr'><strong>eandem</strong></span> <span class='ocrx_word' id='word_1_340' title='bbox 801 3674 868 3727; x_wconf 86' lang='lat' dir='ltr'><strong>quae</strong></span> <span class='ocrx_word' id='word_1_341' title='bbox 879 3657 993 3710; x_wconf 86' lang='lat' dir='ltr'><strong>Heraclii</strong></span> <span class='ocrx_word' id='word_1_342' title='bbox 1012 3667 1126 3728; x_wconf 85' lang='lat' dir='ltr'><strong>tempore</strong></span> <span class='ocrx_word' id='word_1_343' title='bbox 1145 3675 1161 3710; x_wconf 88' lang='lat' dir='ltr'><strong>a</strong></span> <span class='ocrx_word' id='word_1_344' title='bbox 1184 3657 1279 3726; x_wconf 79' lang='lat' dir='ltr'><strong>Sergio</strong></span> <span class='ocrx_word' id='word_1_345' title='bbox 1299 3657 1387 3728; x_wconf 86' lang='lat' dir='ltr'><strong>ponti·</strong></span> 
     </span>
     <span class='ocr_line' id='line_1_40' title="bbox 291 3721 1387 3797; baseline 0.001 -20"><span class='ocrx_word' id='word_1_346' title='bbox 291 3721 342 3777; x_wconf 87' lang='lat' dir='ltr'><strong>fice</strong></span> <span class='ocrx_word' id='word_1_347' title='bbox 360 3725 404 3778; x_wconf 82' lang='lat' dir='ltr'><strong>GP</strong></span> <span class='ocrx_word' id='word_1_348' title='bbox 423 3737 469 3796; x_wconf 86' lang='lat' dir='ltr'><strong>per</strong></span> <span class='ocrx_word' id='word_1_349' title='bbox 486 3738 569 3777; x_wconf 87' lang='lat' dir='ltr'><strong>muros</strong></span> <span class='ocrx_word' id='word_1_350' title='bbox 585 3725 731 3779; x_wconf 86' lang='lat' dir='ltr'><strong>circumlata</strong></span> <span class='ocrx_word' id='word_1_351' title='bbox 747 3723 860 3794; x_wconf 82' lang='lat' dir='ltr'><strong>Scythas</strong></span> <span class='ocrx_word' id='word_1_352' title='bbox 878 3728 911 3780; x_wconf 85' lang='lat' dir='ltr'><strong>ab</strong></span> <span class='ocrx_word' id='word_1_353' title='bbox 929 3725 966 3779; x_wconf 91' lang='lat' dir='ltr'><strong>eis</strong></span> <span class='ocrx_word' id='word_1_354' title='bbox 986 3727 1134 3780; x_wconf 86' lang='lat' dir='ltr'><strong>miraculose</strong></span> <span class='ocrx_word' id='word_1_355' title='bbox 1154 3727 1262 3797; x_wconf 87' lang='lat' dir='ltr'><strong>depulit:</strong></span> <span class='ocrx_word' id='word_1_356' title='bbox 1287 3727 1387 3796; x_wconf 84' lang='lat' dir='ltr'><strong>qualem</strong></span> 
     </span>
     <span class='ocr_line' id='line_1_41' title="bbox 291 3790 1388 3950; baseline 0.005 -34"><span class='ocrx_word' id='word_1_357' title='bbox 291 3790 1130 3932; x_wconf 63' lang='lat' dir='ltr'><strong>aarlette“atreumterrestres</strong></span> <span class='ocrx_word' id='word_1_358' title='bbox 1141 3795 1388 3950; x_wconf 60' lang='lat' dir='ltr'><strong>‘racana</strong></span> 
     </span>
     <span class='ocr_line' id='line_1_42' title="bbox 292 3879 1385 4074; baseline -0.002 -20"><span class='ocrx_word' id='word_1_359' title='bbox 292 3879 1385 4074; x_wconf 57' lang='lat' dir='ltr'><strong>intermeratae?terraramretrectantem</strong></span> 
     </span>
     <span class='ocr_line' id='line_1_43' title="bbox 291 4065 1386 4192; baseline 0.001 -71"><span class='ocrx_word' id='word_1_360' title='bbox 291 4067 377 4138; x_wconf 81' lang='grc' dir='ltr'><strong><em>τείχη.</em></strong></span> <span class='ocrx_word' id='word_1_361' title='bbox 398 4065 565 4138; x_wconf 77' lang='grc' dir='ltr'><strong><em>ὀδηγητρίας</em></strong></span> <span class='ocrx_word' id='word_1_362' title='bbox 581 4077 666 4136; x_wconf 83' lang='lat' dir='ltr'><strong>certe,</strong></span> <span class='ocrx_word' id='word_1_363' title='bbox 682 4076 710 4122; x_wconf 92' lang='lat' dir='ltr'><strong>ut</strong></span> <span class='ocrx_word' id='word_1_364' title='bbox 727 4070 912 4192; x_wconf 68' lang='lat' dir='ltr'><strong>antiepissima,</strong></span> <span class='ocrx_word' id='word_1_365' title='bbox 929 4069 951 4124; x_wconf 86' lang='lat' dir='ltr'><strong>ei</strong></span> <span class='ocrx_word' id='word_1_366' title='bbox 965 4072 1062 4124; x_wconf 76' lang='lat' dir='ltr'><strong>abaco</strong></span> <span class='ocrx_word' id='word_1_367' title='bbox 1074 4072 1214 4140; x_wconf 88' lang='lat' dir='ltr'><strong>delineata,</strong></span> <span class='ocrx_word' id='word_1_368' title='bbox 1232 4073 1308 4126; x_wconf 85' lang='lat' dir='ltr'><strong>etiam</strong></span> <span class='ocrx_word' id='word_1_369' title='bbox 1339 4086 1386 4122; x_wconf 87' lang='lat' dir='ltr'><strong>ue-</strong></span> 
     </span>
    </p>
   </div>
   <div class='ocr_carea' id='block_1_3' title="bbox 293 4138 1430 4282">
    <p class='ocr_par' dir='ltr' id='par_1_10' title="bbox 293 4138 1430 4282">
     <span class='ocr_line' id='line_1_44' title="bbox 293 4138 1430 4215; baseline 0.006 -25"><span class='ocrx_word' id='word_1_370' title='bbox 293 4153 349 4190; x_wconf 86' lang='lat' dir='ltr'><strong>rum</strong></span> <span class='ocrx_word' id='word_1_371' title='bbox 366 4141 447 4190; x_wconf 83' lang='lat' dir='ltr'><strong>Iesum</strong></span> <span class='ocrx_word' id='word_1_372' title='bbox 464 4138 530 4215; x_wconf 84' lang='lat' dir='ltr'><strong>uluis</strong></span> <span class='ocrx_word' id='word_1_373' title='bbox 546 4140 769 4210; x_wconf 85' lang='lat' dir='ltr'><strong>complectebatur.</strong></span> <span class='ocrx_word' id='word_1_374' title='bbox 803 4139 905 4194; x_wconf 83' lang='lat' dir='ltr'><strong>eeimili</strong></span> <span class='ocrx_word' id='word_1_375' title='bbox 921 4141 947 4192; x_wconf 91' lang='lat' dir='ltr'><strong>in</strong></span> <span class='ocrx_word' id='word_1_376' title='bbox 973 4139 1308 4214; x_wconf 76' lang='lat' dir='ltr'><strong>Blachernemi‘temploa</strong></span> <span class='ocrx_word' id='word_1_377' title='bbox 1354 4157 1383 4204; x_wconf 51' lang='grc' dir='ltr'><strong>σή</strong></span> <span class='ocrx_word' id='word_1_378' title='bbox 1425 4167 1430 4174; x_wconf 94' lang='grc'><strong><em>·</em></strong></span> 
     </span>
     <span class='ocr_line' id='line_1_45' title="bbox 294 4207 1075 4282; baseline 0.008 -22"><span class='ocrx_word' id='word_1_379' title='bbox 294 4215 368 4260; x_wconf 84' lang='lat' dir='ltr'><strong>mano</strong></span> <span class='ocrx_word' id='word_1_380' title='bbox 385 4207 487 4278; x_wconf 79' lang='lat' dir='ltr'><strong>Argyro</strong></span> <span class='ocrx_word' id='word_1_381' title='bbox 502 4208 606 4280; x_wconf 84' lang='lat' dir='ltr'><strong>repeite</strong></span> <span class='ocrx_word' id='word_1_382' title='bbox 625 4207 948 4264; x_wconf 78' lang='lat' dir='ltr'><strong>cedrenum-disserentem</strong></span> <span class='ocrx_word' id='word_1_383' title='bbox 962 4211 1075 4282; x_wconf 83' lang='lat' dir='ltr'><strong>perlege.</strong></span> 
     </span>
    </p>
   </div>
   <div class='ocr_carea' id='block_1_4' title="bbox 0 0 1522 4916">
    <p class='ocr_par' dir='ltr' id='par_1_11' title="bbox 0 0 1522 4916">
     <span class='ocr_line' id='line_1_46' title="bbox 0 0 1522 4916; baseline 0 3"><span class='ocrx_word' id='word_1_384' title='bbox 0 0 1522 4916; x_wconf 95' lang='lat' dir='ltr'><strong> </strong></span> 
     </span>
    </p>
   </div>
  </div>
 </body>
</html>
