2958 4918
469 289 517 362 IN
542 289 691 362 coulru
716 292 802 362 Ghl'.
824 291 870 366 Π.
1143 297 1215 368 185

116 457 268 536 angulares
288 463 316 518 et
328 459 473 537 primatiis
494 461 584 535 eaor,
602 447 734 541 patricios
749 465 921 522 hesitasset
944 457 1107 520 Conmlesen
1135 457 1223 522 curem

117 563 182 604 oero
194 547 277 622 virge
296 548 350 620 est,
373 563 452 624 paam
472 543 591 606 wine
605 546 772 618 issovlnsov
793 545 927 627 appellat,
949 546 1119 625 inferioribus
1138 537 1224 607 etiarn¹

118 627 255 690 ordinibus
268 648 388 692 conceun
398 629 499 692 hmoris
514 651 595 708 ergo,
618 631 697 710 idque
709 651 743 692 es
756 631 842 691 eodem
861 631 1013 690 cassiodori
1026 633 1082 692 loco
1097 632 1223 709 colligere

117 720 167 775 est
191 713 285 800 plures
298 713 449 794 aliquando
462 722 546 777 nant
559 715 712 798 (ipoli'hac
728 717 869 794 dignitate
885 715 1036 796 conspicui.
1057 718 1223 777 Cedrennsn

118 795 194 882 perol
208 797 241 862 tt
254 795 306 861 rho
319 794 458 864 θάνατον
470 794 688 864 Ἰουσσινιανοῦ
699 796 859 883 ἐκράτησεν
872 799 891 863 ό
902 795 1030 878 isauria
1039 796 1135 864 αὐτοῦ
1149 796 1221 866 Ἰον-

119 889 223 960 στῖνος
243 881 263 946 ὅ
287 879 348 947 ini
372 880 616 967 κονροπαλσῖτων.
647 892 677 947 et
705 888 784 972 apud
803 886 938 947 Ioannem
966 885 1167 967 Curopalatem
1192 887 1224 967 in

117 970 227 1030 lsaemo
241 969 403 1031 comneno:
422 965 826 1052 interpositionibus&
845 969 897 1034 sori
911 969 1095 1034 Keraunioio
1108 968 1160 1034 rio
1173 995 1227 1034 νε-ἱ

117 1052 272 1136 saepitur
292 1051 530 1137 Kooponaioiree
554 1054 606 1118 sel
624 1051 806 1138 ἀμφοτέροις
828 1060 909 1142 τιμᾷ.
929 1075 982 1116 nec
1002 1057 1146 1136 cpolitani
1159 1063 1225 1117 tan-

118 1147 199 1218 tum,
220 1141 274 1199 sed
287 1146 317 1199 et
331 1142 419 1200 exteri
430 1141 484 1202 hae
502 1143 643 1219 dignitate
656 1143 902 1219 honestabuntur‚
922 1143 1041 1202 maxime
1060 1142 1171 1220 Iberes,
1190 1148 1225 1200 ut

116 1230 233 1378 popustap
246 1244 281 1285 er
299 1225 490 1290 Constantino
504 1227 674 1310 imperatore
691 1227 740 1290 lib.
764 1227 801 1288 de
816 1227 1039 1290 administrando
1060 1227 1181 1307 imperio
1199 1225 1228 1301 c¹

171 1316 202 1369 et
234 1313 262 1374 6.
619 1315 622 1322 ’
1224 1369 1228 1386 ,

204 1394 387 1476 Cpnlitauum
404 1395 541 1476 palab‘um
561 1397 603 1458 ita
623 1397 755 1456 describit
776 1393 971 1476 Luitprandus
991 1394 1148 1456 Ticinensis
1168 1393 1224 1461 lb

116 1497 212 1540 rerum
221 1500 273 1560 per
285 1475 429 1560 Europam
441 1490 598 1561 gestarum:
621 1483 789 1563 Opolitenom
803 1483 938 1562 palatium
960 1502 1012 1542 non
1023 1479 1223 1562 pulchritudino

117 1566 204 1626 solum
223 1583 314 1628 onum
327 1571 406 1650 etiarn
418 1569 583 1648 fortitudine
603 1572 735 1642 omnibus,
759 1589 825 1647 ques
844 1586 961 1646 unquam
982 1567 1110 1647 υἰάᾳιίιν,
1132 1567 1224 1626 noai-

117 1651 235 1711 contar
246 1657 386 1732 praestan
407 1655 478 1732 quod
501 1659 583 1738 etiosa
605 1657 666 1729 iugi
683 1653 798 1714 militena
813 1657 955 1731 stipatione
974 1650 1032 1712 non'
1048 1655 1157 1712 minione
1179 1651 1228 1708 ob*

119 1741 250 1798 emotas.
271 1742 352 1797 moris
366 1742 458 1816 itaque
478 1745 504 1800 et
523 1739 570 1800 hoe
589 1745 650 1816 post
671 1743 832 1799 motatorem
853 1738 1000 1797 diluculum
1021 1755 1083 1796 snos
1106 1737 1223 1794 manibus

115 1828 225 1901 petere,
239 1829 301 1900 poet
314 1827 420 1883 tertiam
433 1843 495 1884 uere
513 1824 568 1884 dies
581 1823 688 1899 toan,
708 1825 808 1883 emicas
824 1824 939 1882 nomnibus
953 1822 1018 1880 doto
1034 1825 1130 1901 signo,
1154 1819 1225 1898 puori

117 1915 159 1968 est
174 1907 273 1986 MIS,
293 1927 376 1986 usqae
391 1910 632 1970 interamnanam
652 1913 754 1970 mactis
769 1907 874 1968 editum
892 1907 1038 1986 probibere.
1059 1904 1119 1966 Sed
1141 1902 1228 1981 quale}

117 1993 295 2070 hocsignum
310 1993 416 2053 Mlst
436 2014 474 2054 an
488 1998 570 2056 missa
583 1995 628 2053 vel
639 1995 750 2054 missio?
771 1995 848 2070 quod
862 1999 907 2052 est
919 1991 1012 2052 ilicet?
1025 1995 1056 2052 et
1069 1991 1137 2066 quid
1156 1991 1230 2048 haee·

117 2075 225 2138 Latina
238 2080 315 2158 apud
325 2079 473 2139 Graecos?
492 2099 530 2139 an
539 2081 628 2138 mua?
641 2099 708 2138 narn
718 2079 918 2159 posterioribus
929 2077 1044 2139 Graecis
1057 2078 1127 2138 haee
1139 2075 1230 2134 dictio

118 2169 259 2242 nsurpan
270 2164 333 2224 fuit
352 2166 416 2225 vide
426 2163 580 2226 Meursium
595 2183 621 2224 v.
637 2167 736 2228 Miser.
1225 2171 1228 2180 “

190 2275 249 2333 Vox
279 2277 306 2332 in
343 2281 482 2334 Graeciam
510 2279 593 2335 serim
628 2279 749 2344 invecta,
780 2294 797 2331 s
833 2277 932 2331 Latinis
967 2275 1073 2346 primum
1108 2273 1234 2334 inventa,-

121 2361 188 2400 eurss
210 2348 326 2416 palatii,
358 2365 409 2418 qne
438 2350 461 2402 is
492 2349 657 2416 magistratus
680 2347 832 2401 intellitur
862 2347 906 2415 qui
929 2346 1027 2414 palatii
1056 2359 1146 2396 eurum
1171 2340 1234 2408 agit.

121 2423 151 2468 et
171 2421 277 2468 curator
304 2419 403 2484 palatii
427 2424 589 2487 nuncupatur
610 2417 637 2469 in
669 2417 796 2469 nonnulis
820 2413 973 2469 editionibus
996 2411 1054 2466 eod.
1074 2409 1175 2463 Theoti.
1195 2409 1235 2460 der

121 2482 219 2536 Gemit.
242 2490 270 2538 et
292 2487 370 2540 Trio.
396 2488 516 2542 Scholar.
540 2487 559 2542 Ι,
584 2487 610 2541 6.
637 2485 794 2554 eundemque
817 2500 877 2537 reor
906 2500 980 2552 quem
1003 2481 1177 2544 Theophanes
1199 2477 1236 2530 in·

120 2553 251 2607 Mauricio
269 2545 564 2624 celebrat'noopoissopu
582 2554 638 2609 nois
657 2551 967 2629 inusitatissimam
986 2551 1060 2604 ouius
1076 2547 1238 2614 dignitatem.

121 2631 153 2674 ut
174 2622 358 2692 imperatoriae
381 2625 521 2694 proximam
545 2633 662 2676 sunrmos¹
675 2623 746 2675 viros
763 2623 805 2675 vel
823 2622 951 2692 aspirasse
968 2620 1010 2673 vel
1026 2623 1130 2670 evectos
1147 2615 1228 2668 luisse

121 2697 265 2744 memorant
287 2692 417 2748 historiae.
453 2693 587 2748 Iustiniani
608 2709 687 2760 nepes
705 2691 817 2744 lustinus
834 2685 1065 2755 κονροπαλάσης,
1084 2687 1123 2737 ite
1139 2683 1228 2736 scribit

121 2761 312 2830 Theophanes,
331 2781 363 2816 es
380 2781 444 2816 cusu
456 2763 556 2834 pnlnts'i
568 2762 659 2830 (dictio
679 2759 829 2814 Marcellino
850 2759 968 2829 propria)
987 2756 1132 2809 conscendit
1146 2756 1239 2822 impe-³

120 2829 197 2883 rium.
233 2829 289 2882 Leo
312 2839 473 2902 nuncupatus
494 2833 599 2888 Isauras
622 2830 793 2884 Artsbesdusn
812 2829 872 2882 deta
888 2829 914 2882 iu
932 2827 1064 2894 coniugem
1081 2825 1136 2878 filis
1150 2839 1239 2880 euro-1

121 2898 234 2969 palatem
252 2899 328 2964 iecit,
345 2919 377 2953 ex
392 2901 482 2956 eodem
498 2901 671 2970 Theophane,
688 2900 732 2969 qui
746 2899 899 2952 Mauricium
919 2912 1020 2966 quoque
1036 2901 1154 2964 nepotem
1172 2892 1239 2954 Do-,

121 2965 268 3020 mentiolum
286 2986 316 3020 eo
339 2970 416 3024 titulo
440 2972 522 3024 refert
538 2969 650 3025 anxius.
685 2969 752 3021 hunc
768 2969 888 3021 honorem
906 2964 1064 3021 Dementiolo
1077 2961 1150 3014 tratri
1165 2970 1241 3032 con-j

121 3036 183 3089 tulit
202 3033 318 3102 Pheras,
342 3045 373 3091 ut
399 3039 531 3093 cedrenus
556 3039 581 3092 in
606 3039 660 3090 eius
684 3036 764 3102 vita‚·
778 3043 806 3090 et
827 3037 925 3106 pariter
949 3049 1069 3104 germano
1082 3029 1238 3088 ,Theodoro

121 3105 274 3170 Heraclius,
300 3112 330 3160 ut
345 3107 507 3178 Nicephorus
523 3107 549 3160 in
567 3106 708 3162 Breviorio.
743 3105 855 3159 Michael
872 3106 902 3158 S.
929 3101 1024 3174 ignatii
1040 3107 1115 3170 pater
1132 3117 1163 3150 ex
1179 3105 1239 3150 ou·‘

121 3174 243 3244 repelete
260 3177 347 3230 iaetus
365 3185 405 3231 est
419 3179 567 3248 imperator.
593 3175 693 3228 Bardss
710 3175 810 3244 ignatio
829 3174 959 3240 infensus,
977 3187 1096 3225 summanr
1113 3167 1239 3222 ambiens·

122 3249 296 3316 potestatem,
316 3247 476 3317 europalates
495 3245 618 3318 primurn,
642 3249 696 3300 tum
720 3247 876 3299 Caesarest
893 3242 1030 3296 salutatus.
1064 3238 1097 3291 sie
1114 3237 1168 3291 eius
1185 3237 1241 3298 in·‚

121 3312 238 3382 signibus
255 3321 282 3368 et
298 3314 442 3370 ministeriis
462 3333 508 3368 suo
531 3313 601 3368 loeo:
625 3313 701 3386 plura
724 3319 753 3367 et
776 3313 879 3366 diverse
903 3311 1018 3379 reperies
1044 3307 1112 3378 apud
1137 3307 1239 3382 Maur-U

122 3383 209 3446 sium,
232 3384 401 3448 Cratestem,
422 3383 607 3452 Bulengerum‚
634 3383 773 3435 Febrotum
791 3383 817 3433 in
836 3380 946 3434 Cedreui
966 3378 1117 3439 messario,
1132 3377 1237 3443 Demp-'

122 3457 220 3505 starum
238 3452 376 3523 dehutiq.
394 3454 473 3508 Rom.
491 3453 556 3519 14,
582 3452 707 3506 Severum
732 3451 759 3504 in
776 3450 877 3503 Sidonii
894 3446 1048 3520 Apollinaris
1066 3449 1166 3499 carmen
1183 3445 1240 3498 235

210 3543 379 3621 p.9v·18.
412 3533 725 3624 ’ὄπσρακοιμῶμενος
745 3543 800 3617 τῆς
828 3532 1009 3618 σφενδόνης]
1031 3535 1127 3595 Iunius
1147 3554 1229 3593 aecu-

122 3630 194 3688 bitor
203 3625 316 3706 fundae.
336 3629 367 3687 in
377 3628 504 3708 catalogo
515 3627 587 3687 Iuris
598 3623 842 3684 Graeco-Romani
857 3623 876 3687 <i
890 3617 1162 3703 παρακοιμιόμενος
1175 3613 1242 3702 viic:

124 3705 256 3796 μεγάλης
274 3709 461 3793 σφενδόνηςι
484 3715 623 3791 interpres
640 3712 775 3770 moabites
796 3727 910 3787 raugam
921 3710 1011 3787 polae.
1033 3727 1087 3782 ego
1103 3705 1243 3778 versione,

123 3817 189 3859 mea
202 3817 261 3857 rem
273 3799 366 3878 ipsam
376 3800 514 3878 explicere
525 3796 632 3873 studui,
646 3815 709 3855 cum
722 3794 791 3854 nihil
803 3799 939 3874 suppetat
949 3794 1027 3870 quod
1041 3792 1150 3848 Graeca
1163 3793 1240 3866 apter

123 3884 272 3964 exprimat.
291 3903 357 3944 narn
374 3878 644 3965 παρακοιμώμενος
656 3882 711 3938 iste
727 3886 790 3940 erat
808 3881 934 3958 sigillifer
952 3897 1003 3936 seu
1021 3881 1116 3934 eustos
1136 3873 1240 3932 annuli·
1287 3901 1301 3926 s

122 3969 312 4049 imperatorii,
347 3988 404 4047 quo
432 3969 529 4028 literae
555 3967 792 4046 obsignabantur3
822 3967 870 4044 qui
900 3962 1019 4032 annulus
1045 3973 1105 4040 per
1121 3959 1245 4050 patiami

123 4075 223 4133 suam,
256 4075 357 4134 nempe
382 4074 435 4134 per
454 4045 628 4133 σφενδόνην
654 4072 706 4114 seu
726 4053 840 4132 polum,
862 4049 1046 4128 significatur:
1067 4064 1133 4126 pars
1157 4047 1245 4122 euim,

123 4143 196 4202 haee
216 4142 303 4201 servit
316 4143 494 4222 signaturae,
517 4145 550 4197 ut
565 4139 605 4196 sic
620 4137 728 4213 loquar.
1219 4165 1221 4174 ι
1239 4161 1245 4204 5

196 4239 311 4293 Annulos
343 4237 499 4307 signatorios
531 4236 586 4288 sive
613 4235 696 4302 sigilla
719 4233 746 4285 in
775 4231 874 4287 annulis
901 4229 984 4285 edhne
1009 4227 1146 4298 postremis
1171 4236 1242 4278 sae-¹

13 4351 15 4366 .
125 4309 192 4365 culis
211 4310 377 4382 imperatores
395 4315 512 4377 gestasse
534 4305 648 4360 declaret
672 4303 782 4357 Nicetes
805 4312 859 4357 tum
876 4302 902 4355 in
920 4301 1015 4355 loanue
1026 4299 1157 4354 comneno
1175 4301 1245 4347 sta-³
