2958 4918
272 308 343 383 148
433 311 643 382 GRETSERI
656 313 711 382 ET
727 313 861 382 GOARI
875 313 1214 385 COMMENTARIUS

267 479 413 558 subiungit
427 477 549 538 Citrius:
575 481 603 538 n·
614 477 736 558 templum
750 499 801 540 non
819 485 858 539 est
875 479 1046 563 dedicatum,
1070 479 1141 562 quot
1158 483 1187 542 ei
1200 481 1292 561 decet,
1315 504 1376 544 ααα-

266 569 430 648 ctificoton'a
446 567 490 624 ote
503 567 656 624 nntincnrr't
670 567 769 646 implet.
811 565 920 645 ι’ἀαοςαα
933 571 964 626 in
980 587 1032 627 non
1049 574 1199 629 coruecroto
1218 569 1317 649 tempto
1330 592 1374 630 sn-

266 653 399 734 crificium
411 653 468 710 sne
480 653 637 710 ontimenn'o
645 669 780 730 nunquan
785 650 881 730 sotere
897 651 967 712 treet.
1009 661 1036 712 et
1053 653 1187 714 sacerdote
1202 673 1249 734 φα
1262 654 1313 714 troc
1322 675 1375 714 ou·

187 735 189 743 ’
266 759 314 800 rue
322 737 425 818 fuerit,
438 755 525 842 poetro
541 738 592 794 erit
610 736 745 816 depontto.
785 739 908 816 porteto
924 743 1013 798 notem
1030 739 1157 800 enititur
1172 735 1224 802 tet
1238 735 1274 805 vo*
1289 737 1375 803 teve-

265 817 339 887 κόν·
359 817 395 884 roi
414 843 472 903 γαρ
496 815 607 884 ἐθνικαὶ
626 817 703 883 uocet
721 815 776 884 cdv
790 818 996 902 γραμματικὸν
1017 817 1135 886 κανόνα
1150 821 1219 890 οὔτε
1233 822 1374 907 παραγο-

265 904 407 992 yde-odie
424 898 556 980 κανόνας
578 903 708 986 ἔχουσιν.
750 905 832 967 rotent
845 914 934 966 autern
948 911 1121 987 grammatici
1129 929 1178 988 per
1197 913 1254 969 iota
1267 916 1294 970 et
1310 915 1374 971 ont-

265 1015 329 1054 cron
340 999 367 1053 et
379 992 479 1072 opoilon
488 987 542 1064 τοὶς
562 987 688 1065 ἐθνικαὶς
712 986 819 1069 φωνάς
840 994 959 1055 scribere.
999 1011 1073 1072 quae
1088 993 1161 1055 ratio
1175 995 1257 1058 Citrii
1275 997 1374 1074 quanti
1455 1035 1456 1048 ν

264 1081 322 1162 sit,
342 1080 373 1140 in
387 1077 508 1136 cuiusvis
525 1074 641 1137 arbitrio
656 1079 742 1136 situm
755 1083 827 1137 esto.

349 1179 401 1240 Ait
416 1179 532 1257 insuper
552 1173 712 1238 attinentia
731 1178 809 1239 nullo
823 1180 910 1239 modo
924 1177 1030 1239 licitum
1046 1181 1183 1240 conficere
1195 1180 1249 1240 nisi
1259 1181 1291 1239 in
1307 1183 1371 1241 novi

263 1267 362 1346 tempii
378 1265 569 1341 dedicatione,
586 1263 692 1339 quique
704 1282 784 1322 secus
799 1269 904 1343 agant,
927 1285 1048 1326 canones
1064 1267 1226 1344 transgredi
1231 1289 1240 1341 ;
1251 1286 1316 1356 Rnec
1328 1287 1370 1326 re·

154 1355 179 1412 Ρ
196 1355 246 1414 171
263 1355 417 1413 terrenum
434 1368 524 1429 nuper
542 1348 678 1427 templum
693 1351 731 1408 sit
749 1356 937 1424 exstructum
959 1353 1029 1411 satis
1043 1372 1106 1412 esse
1121 1353 1202 1430 quod
1215 1371 1276 1414 non
1288 1353 1371 1414 fuerit

262 1439 442 1513 dedicatum,
465 1435 691 1512 quandocunque
704 1436 817 1495 demum
829 1441 1002 1496 exstructum
1016 1439 1109 1499 tuerit

349 1539 404 1600 Hie
418 1536 494 1596 huuc
504 1537 534 1596 in
548 1538 664 1596 modum
677 1537 714 1596 de
726 1539 956 1599 antimcnsionrm
969 1539 1078 1600 ratione
1092 1536 1253 1618 explicatis,
1277 1538 1307 1600 in
1327 1543 1369 1597 te-
1455 1527 1456 1552 ¹

262 1645 333 1686 nnes
353 1643 436 1684 auras
451 1621 593 1682 evanescit
607 1622 740 1682 Iunianus
764 1623 811 1682 ille
832 1629 982 1686 ontearum·
995 1644 1098 1686 mensae
1109 1625 1266 1705 praefectur
1275 1666 1287 1698 ‚
1308 1643 1370 1684 cum

261 1711 374 1772 scholiis
392 1709 446 1768 illis
467 1727 532 1768 vere
550 1708 648 1766 scoriis
670 1713 700 1767 et
726 1710 848 1770 insulsis
890 1729 943 1770 nos
962 1713 1136 1790 praefectum
1154 1712 1371 1770 nntimnetoron

261 1799 307 1857 vel
334 1797 492 1857 antiocneni
513 1794 704 1868 nominemus3
732 1797 777 1854 cui
793 1802 906 1874 praeter
928 1816 1025 1856 curam
1044 1799 1263 1856 annaneane
1285 1795 1370 1854 etiam

259 1883 331 1944 haec
343 1880 537 1957 incumbebat,
557 1885 591 1938 ut
607 1898 710 1960 corpus
722 1881 829 1942 domini
843 1889 1009 1962 accepturos
1026 1883 1065 1942 ad
1081 1881 1306 1945 communionem
1319 1899 1370 1942 seu

260 1971 412 2030 deduceret
424 1985 475 2028 seu
484 1965 637 2027 induceret

697 2209 907 2246 Ἥ

593 2439 922 2520 CAPUT
984 2431 1101 2520 Χ.Ι

341 2691 371 2754 p.
386 2673 406 2740 5
423 2693 448 2733 v.
468 2676 517 2738 20.
559 2625 695 2751 Inserta
708 2674 833 2752 pentade
847 2673 967 2754 primunr
979 2673 1071 2736 iocum
1082 2678 1162 2733 tenet
1168 2677 1273 2753 prinus
1281 2678 1366 2735 ntic-

257 2763 321 2822 οἱον
332 2763 461 2840 ’κρατοῦν
478 2753 533 2830 τοὶς
545 2753 649 2839 θύρας
663 2759 708 2834 εἰς
720 2756 773 2834 τοὶς
785 2762 984 2841 χειροτονίας,
1006 2765 1055 2840 qut
1064 2758 1140 2839 sores
1149 2760 1265 2820 custodit
1274 2765 1304 2820 in
1317 2760 1365 2837 se-

257 2845 348 2905 rendis
368 2845 529 2920 suffragiis,
556 2843 649 2918 inquit
668 2843 782 2922 Iunius,
810 2847 982 2906 chirotonr'onr
1002 2867 1055 2926 pro
1075 2845 1197 2904 dccttmoe
1216 2845 1363 2924 accipiens.

256 2949 313 3008 ego
327 2929 421 2990 moiun
442 2929 613 2989 ettenorum
633 2929 759 3008 accipere
779 2949 833 3008 pro
855 2932 971 3008 proprio
989 2950 1042 2990 sno
1060 2931 1236 3008 significato,
1262 2949 1365 3007 nempe

256 3035 310 3093 pro
324 3014 534 3075 consecratione
549 3031 599 3098 seu
613 3014 789 3075 ordinatione
801 3016 993 3077 ministrorum
1005 3016 1152 3093 ecclesiae,
1176 3017 1218 3074 ita
1230 3021 1264 3074 ut
1276 3019 1365 3095 pruno

249 3104 367 3161 'omorio
385 3117 451 3159 cura
470 3099 571 3158 ianuae
589 3101 759 3162 demandata
776 3101 817 3160 sit
840 3107 908 3161 tunc
927 3104 1042 3179 quando
1071 3101 1182 3160 diaconi
1200 3103 1363 3162 sacerdotes

255 3185 360 3262 nliique
380 3186 547 3246 ordinantur
567 3189 597 3243 et
617 3192 824 3246 consecrantur.
867 3189 993 3264 quamvis
1011 3205 1183 3265 magnopere
1199 3205 1259 3246 non
1278 3205 1363 3262 repu-

254 3271 366 3350 gnabo,
389 3273 417 3330 ei
439 3272 509 3347 quis
524 3269 646 3330 officium
669 3273 751 3348 primi
779 3271 861 3332 huius
885 3275 992 3332 ostiarii
1014 3275 1217 3349 interpretetur
1241 3273 1281 3330 de
1299 3273 1363 3347 ipsa

254 3357 391 3416 electione
411 3357 602 3417 ministrorum
626 3357 775 3435 ecclesiae,
804 3377 868 3418 cunr
889 3377 941 3435 per
953 3359 1089 3437 suffragia
1103 3358 1246 3435 eliguntur
1258 3355 1362 3416 abillis

254 3443 358 3518 quibus
370 3444 415 3500 ins
427 3448 458 3501 et
470 3447 599 3519 potestas
615 3442 751 3526 eligendi:
772 3449 841 3502 tunc
855 3444 930 3505 enim
943 3445 988 3508 vel
1000 3446 1120 3506 maxime
1132 3447 1248 3504 attento
1264 3447 1295 3501 et
1308 3442 1360 3501 cir-

253 3537 416 3606 cumspecto
436 3531 547 3588 ossen
559 3546 632 3604 opus
646 3535 698 3588 est

321 3644 388 3697 ibid.
420 3637 489 3696 Huic
504 3641 574 3696 alind
586 3659 677 3697 nunus
693 3642 836 3714 adiungunt
854 3644 994 3700 ddutiuuur
1014 3635 1190 3711 οΐόοτιᾶριοι
1204 3638 1360 3714 parenteve

252 3729 305 3766 νον
320 3707 431 3782 ῥάβδον
446 3711 500 3764 τοῦ
515 3707 672 3780 ἀρχιερέως.
706 3715 855 3768 orbicularii
874 3730 939 3768 onus
959 3731 1018 3768 esre
1034 3720 1152 3766 arserunt
1169 3713 1235 3767 atine
1257 3709 1273 3768 ὃ
1291 3729 1357 3766 κον-

251 3779 433 3852 potestpotest
449 3779 572 3853 βασαάζῃ
584 3775 617 3834 τὸ
633 3781 794 3838 decursuros
809 3784 862 3838 rori
871 3778 1035 3853 ἀρχιερέως,
1050 3779 1122 3837 ὅταν
1131 3785 1289 3851 περιπατεῖ.

334 3907 364 3966 p·
379 3886 400 3953 5
414 3905 440 3947 v.
455 3889 506 3951 21.
536 3887 676 3948 Secundus
691 3893 818 3949 utinn'or
837 3894 882 3948 est
903 3886 1100 3968 denunciato*
1113 3883 1355 3972 proserpens,

251 3977 300 4053 qui
320 3978 405 4047 tenet,
430 3989 481 4030 scu
509 3973 554 4032 cni
575 3973 620 4032 ius
641 3973 672 4032 in
692 3977 933 4056 monobomtylom:
955 3977 997 4037 ita
1017 3977 1108 4036 edidit
1130 3975 1237 4036 Iunius.
1287 3973 1356 4051 quid

247 4076 316 4118 vero
330 4056 385 4118 hoc
398 4056 541 4117 nominis?
560 4058 605 4118 vel
618 4061 714 4136 potius
728 4061 797 4135 quid
817 4061 957 4122 monstri?
997 4062 1095 4122 Iunius
1113 4061 1160 4120 hic
1179 4060 1284 4136 mults,
1304 4059 1355 4118 sed

249 4141 335 4219 plane
350 4142 515 4204 rielierrlarie.
558 4144 628 4221 quid
642 4143 760 4225 ergoiili
782 4152 827 4205 est
845 4147 1075 4228 nonobnmbylont
1116 4148 1175 4206 duo
1189 4145 1252 4205 loca
1266 4143 1355 4204 chiro·

248 4228 344 4288 toniae
367 4229 533 4306 distinguit,
557 4230 689 4309 atterum,
718 4233 749 4291 tn
764 4251 839 4310 quem
856 4253 875 4291 ο
887 4238 975 4312 pn‘uro
994 4235 1104 4292 ornatio
1121 4249 1208 4292 ornnes
1226 4231 1353 4292 οάααίαοο

248 4313 390 4393 dr'cttpuor
404 4321 515 4375 noanot
532 4313 627 4376 tabee
644 4319 689 4379 tur
712 4315 845 4396 suffragii
860 4315 982 4396 scendi}
1002 4319 1115 4380 nlenten
1135 4319 1306 4394 unctionem,
1322 4318 1351 4376 r'n
