3034 4916
478 263 525 336 IN
542 263 692 334 comm
719 265 802 335 etr.
832 265 909 336 Vll.
1106 343 1109 350 .
1177 265 1254 338 297

153 437 249 498 mirum
273 451 351 513 porro
369 428 456 510 fiterit
474 449 524 492 cur
539 435 648 496 too-oe
667 437 696 492 et
712 432 824 509 liugtrue
846 430 1026 494 mediator
1046 437 1073 492 et
1089 429 1193 493 uarium
1212 437 1256 494 t'rr-

154 521 332 581 rlumentorum
349 537 432 594 gertus
446 522 513 578 nitio
531 537 583 580 νον
598 521 726 589 uerterit3
743 523 792 578 out
809 518 878 596 puocl
898 518 941 578 illi
955 521 1072 598 flectent
1090 538 1181 596 genua
1197 537 1256 580 cum

154 607 271 666 οείοτοοί
292 609 318 664 εί
338 609 431 678 mont,
454 611 590 665 tementes
606 623 701 664 morem
719 606 910 680 antiquitatis,
932 624 980 663 not
999 623 1060 662 octo
1077 608 1190 664 rno'nr'ore.

164 700 169 706 ’
239 688 328 748 Porro
355 687 412 766 qui'
429 688 516 748 netuli
541 689 680 766 integram
703 688 945 765 quadragesimam
970 689 1206 768 praemittebant,
1238 689 1259 748 ii

153 774 372 853 auspicabantur
389 793 407 833 ο
428 777 467 838 14
487 774 533 832 die
553 773 737 850 Novembris,
759 779 792 832 nt
812 774 957 850 monachi,
984 792 1057 850 quos
1077 775 1116 834 ud
1134 775 1188 834 boe
1207 793 1259 854 pe-

153 860 264 918 culiaris
286 859 384 936 regula
400 858 554 936 obligabat.
606 859 744 936 morencii,
764 857 858 933 inquit
880 860 1050 937 Balsamon,
1080 863 1128 938 poi
1148 879 1259 921 tuorum

148 944 343 1025 fundationum
360 945 591 1004 constitutionibus
608 951 740 1022 coguntur
761 943 875 1020 amplior
897 949 1032 1020 retentare,
1052 945 1154 1004 scilicet
1175 966 1193 1006 ο
1211 945 1259 1024 fe·

154 1037 196 1088 sto
213 1035 327 1090 ornm'urn
345 1036 495 1088 sauctorum
516 1035 577 1088 eto
599 1025 639 1092 14
659 1031 753 1088 mene
771 1027 942 1106 Nooctobn's,
969 1031 1012 1090 oet
1031 1033 1114 1090 obriti
1131 1036 1259 1106 cogentur
1363 1069 1366 1074 -

152 1119 229 1194 requi
244 1121 348 1174 statuto
365 1133 475 1174 morum
485 1113 690 1192 fioodott’ooum,
712 1117 835 1194 moniam
849 1115 897 1174 boc
913 1121 952 1176 est
967 1119 1123 1175 ὀοοοειίονεο
1138 1122 1164 1174 εί
1182 1115 1259 1174 solu·
1308 1168 1311 1172 .

152 1206 228 1272 tore;
248 1199 462 1280 quomadmodum
479 1205 504 1258 ct
520 1200 602 1277 loiri,
620 1203 668 1278 put
683 1205 834 1278 suoapoote
846 1203 890 1260 tto
904 1205 1039 1274 r’et'urront,
1061 1179 1140 1260 laude
1148 1206 1174 1259 et
1187 1219 1258 1277 gro.

153 1289 254 1346 tiorum
273 1290 374 1344 actione
393 1286 472 1362 digni
487 1285 659 1344 habebuntur.
701 1285 780 1362 quod
792 1285 860 1344 dicit
879 1287 916 1346 de
932 1288 1007 1346 sesto
1025 1291 1138 1346 morou
1151 1293 1259 1347 sancto-

154 1391 230 1445 rum,
249 1371 279 1430 id
303 1372 480 1430 referendum
496 1375 541 1428 est
561 1371 600 1430 ad
617 1370 747 1430 ieiunium
773 1377 840 1430 ante
858 1371 962 1432 festum
975 1372 1098 1432 omnium
1112 1371 1279 1450 apostolo*

153 1476 233 1533 rum,
255 1457 333 1534 quod
358 1455 458 1514 Graeci
478 1455 622 1516 celebrant
643 1455 742 1515 ultimo
756 1456 801 1514 die
814 1455 903 1534 lunii,
923 1458 1000 1516 cuius
1014 1458 1181 1536 principium
1194 1461 1258 1518 eret
1327 1505 1329 1509 -

152 1543 257 1600 festum
280 1541 402 1600 omniurn
427 1547 604 1619 sanctorum,
625 1543 704 1620 quod
730 1541 830 1600 Graeci
855 1543 997 1602 celebrant
1019 1543 1259 1620 primadominictt

153 1633 223 1706 post
236 1633 435 1704 pentecosten:
455 1645 518 1684 cum
532 1632 626 1685 nutem
640 1631 805 1704 pentecoste
821 1627 859 1684 sit
874 1630 975 1686 testum
989 1627 1109 1704 mobile,
1129 1647 1260 1686 necessa-

151 1712 194 1770 rio
213 1712 298 1770 etiam
312 1712 416 1769 festum
432 1715 548 1768 omnium
559 1717 709 1770 tunctorum
724 1716 769 1768 est
787 1711 890 1772 festum
903 1711 1006 1771 mobile
1026 1715 1103 1790 opud
1125 1713 1260 1791 Graecos,

152 1804 229 1854 nnnc
242 1795 272 1853 in
286 1787 362 1854 Maio
375 1795 491 1854 nuncin
507 1793 588 1852 lunio
603 1811 758 1854 occurrens.
802 1811 859 1869 qno
874 1795 906 1856 fit
920 1804 954 1854 ut
964 1798 1096 1856 ieiunium
1110 1795 1179 1855 illud
1193 1804 1261 1857 ante

153 1879 349 1960 apostolorum
376 1881 481 1938 festum
510 1880 595 1938 etlam
617 1880 695 1960 opud
718 1879 871 1940 monachos
896 1881 1048 1960 aliquando
1075 1865 1186 1942 bredus
1210 1882 1263 1940 ali-

153 1965 270 2042 qnando
286 1965 398 2042 longius
420 1965 520 2043 fuerit,
543 1965 672 2044 brevite,
693 1965 718 2023 si
739 1971 904 2044 pentecoste
923 1967 954 2028 ln
973 1967 1084 2028 Iunium
1107 1967 1263 2047 incidisset,

152 2051 282 2128 longius,
303 2051 328 2108 si
342 2051 371 2108 in
385 2043 500 2110 Maium.
543 2048 608 2110 vide
621 2049 763 2130 Typicnm
777 2051 877 2112 Sabae.

200 2147 204 2155 ’
240 2136 455 2196 Observandum
470 2140 500 2194 et
514 2134 584 2214 hoc,
605 2137 731 2196 Graecos
742 2137 1034 2199 commemorationem
1051 2136 1175 2198 omnium
1190 2137 1263 2198 flde-

152 2220 220 2279 linm
241 2221 438 2280 defunctorum
463 2232 548 2298 agere
571 2223 765 2299 feriaqointa
784 2229 851 2282 ante
872 2229 1076 2302 pentecosten,
1097 2227 1131 2282 ut
1150 2228 1264 2284 constet

154 2315 191 2366 'ex
204 2305 275 2366 libro
288 2307 380 2366 rituali
394 2305 564 2388 Nicephori,
586 2307 635 2384 qui
650 2303 892 2367 Pentecostarium
906 2309 1075 2368 inscribitur.

226 2421 291 2476 ibid.
309 2415 474 2491 οἷπόνρεων,
490 2421 707 2490 carnisprivium,
729 2420 857 2476 celebrius
874 2437 949 2474 unum
968 2421 1064 2474 habent
1081 2419 1192 2485 Graeci,
1215 2419 1264 2473 ‹lo-

155 2489 246 2545 minito
270 2507 330 2544 saxu
351 2494 463 2557 ssimae,
488 2499 516 2545 et
543 2485 708 2558 upeoopcipou
734 2491 911 2558 carnivorum,
938 2490 959 2544 ri
984 2491 1021 2543 ito
1044 2493 1163 2562 prolerre
1177 2489 1264 2556 liceat,

155 2559 224 2612 illem
235 2509 490 2614 solennlrmbnrio
506 2562 583 2613 testo.
603 2567 632 2614 ut
654 2573 717 2612 vero
733 2558 815 2612 moris
832 2559 960 2626 mysteriis
978 2560 1094 2629 corporis
1113 2563 1139 2610 et
1156 2557 1263 2626 sungui-
1317 2615 1324 2620 ,

155 2629 196 2682 nis
214 2629 310 2682 Christi
327 2630 504 2700 participaturi
519 2628 638 2682 ieiunium
652 2634 751 2698 septem
768 2628 811 2680 vel
827 2627 941 2698 quinque
957 2627 1047 2682 saltem
1070 2629 1166 2680 dierum
1183 2643 1264 2698 prue-

155 2698 258 2754 mittere
272 2698 331 2766 lege
348 2699 407 2783 iem⁸
416 2699 473 2752 olim
492 2699 576 2769 positu
599 2713 699 2783 usuque
724 2697 869 2752 memorium
894 2713 993 2782 omnem
1017 2701 1198 2780 praevertente
1219 2713 1263 2749 re-

155 2765 1152 2906 ttt‘ttbltttltlltgrtlttt’'ldztltllttttdlt‘letti
1169 2781 1263 2888 {llll}

156 2904 325 2961 surrectionis
340 2905 450 2973 Christi,
469 2914 522 2958 tum
540 2904 696 2958 domuitionis
714 2904 834 2975 deiperee
851 2907 936 2969 festo,
959 2905 1002 2958 ille
1024 2905 1123 2975 quoties
1142 2903 1263 2959 ieiunium

155 2979 218 3028 ante
234 2983 372 3028 memorata
386 2975 523 3041 solemnia,
540 2976 574 3028 ob
591 2983 736 3027 secuturum
755 2975 970 3043 communionem,
987 2975 1159 3046 auspicantur.
1177 2979 1262 3026 tomus

156 3043 257 3097 unionis
277 3045 344 3096 inter
361 3045 553 3098 Constantinum
577 3043 823 3112 Porphyrogenitnm
848 3051 875 3097 et
899 3044 953 3097 eius
976 3061 1091 3097 socerum
1120 3043 1263 3095 Romanum

155 3112 224 3167 luris
246 3113 299 3165 GR
322 3113 340 3168 1.
362 3115 396 3167 2:
423 3113 482 3181 τρὶς
504 3113 556 3167 τοῦ
579 3107 710 3165 ἐνιαυτοῦ
733 3108 922 3180 οξιωθήσετοιι
945 3113 995 3180 τῆς
1014 3106 1193 3172 ἀπολαύσεως
1208 3111 1265 3164 τῶν

155 3181 247 3236 θείων
263 3182 438 3270 μυστηρίων,
454 3181 530 3248 ἅπαξ
547 3179 599 3250 μὲν
615 3175 646 3234 ἐν
658 3181 692 3252 τῇ
710 3179 878 3250 σωτηριώδει
895 3182 948 3234 ror]
970 3183 1045 3235 θεοῦ
1067 3177 1116 3233 καί
1140 3181 1266 3248 σωτῆρος

154 3245 237 3318 ἡμῶν
253 3248 418 3320 otuuoroioeo,
435 3249 566 3317 δεύτερον
582 3244 613 3304 ἐν
630 3251 665 3320 τῇ
681 3246 806 3336 νοιμήοεε
819 3249 868 3318 σῆς
880 3244 1022 3318 ἄρρείνεον
1039 3247 1187 3316 δεσποίνης
1195 3252 1265 3303 itto-
1342 3263 1345 3270 ·

155 3314 263 3387 τόνον,
279 3319 327 3372 uel
346 3320 441 3384 ορίεον
458 3317 488 3374 ἐν
504 3321 540 3408 τῇ
556 3321 690 3391 γενεθλίῳ
707 3315 799 3402 ἡρερᾳ
815 3320 867 3374 rori
883 3319 1019 3387 Χριστοῦ,
1036 3313 1132 3402 deflui
1150 3313 1180 3372 ἒν
1191 3314 1262 3372 cori-

155 3407 220 3449 ναιε
236 3392 423 3457 προηγεῖσθαι
439 3405 577 3457 νηστείαν.
600 3369 661 3442 irinc
668 3405 790 3509 ‹percrpro
807 3405 853 3440 cur
871 3405 962 3444 oernes
988 3394 1047 3459 poet
1062 3388 1181 3442 omnnium
1198 3387 1267 3440 deli-

155 3458 272 3540 berettrri
289 3454 437 3526 ποιοχοίζειν
453 3474 483 3541 σε
497 3457 597 3518 dicent,
615 3473 670 3540 quo·
699 3457 881 3518 communione,
913 3469 980 3540 queo
996 3475 1083 3511 rerunt
1100 3457 1196 3528 pesclre
1215 3461 1265 3522 eet,

156 3525 1264 3664 *²¹2⁸t“tsslt¹¹⁸tt³lrtttl¹ttb‘lt‘ttttltlltttleut‘tttttt

155 3611 348 3734 lilllilolum
368 3664 401 3717 de
425 3682 483 3733 qno
501 3665 639 3718 Gretserue
666 3663 721 3725 bic,
747 3663 865 3732 quotque
887 3647 968 3718 minus
992 3635 1154 3734 irequentatu
1173 3679 1204 3714 eo
1222 3661 1264 3716 die

157 3733 332 3788 communione
347 3749 436 3802 perum
462 3733 629 3796 observetur,
652 3732 809 3790 includimus.
836 3735 1068 3803 transfigurationis
1090 3748 1167 3802 porro
1192 3729 1263 3799 qnod

156 3809 281 3856 memoret
296 3801 431 3856 Beloomon
447 3802 514 3925 opud
532 3803 685 3856 Gretserutu
710 3801 760 3854 iem
779 3803 935 3872 antiquatum
954 3807 1008 3864 eet,
1032 3801 1075 3858 vel
1092 3807 1164 3853 uerte
1188 3798 1263 3868 quin·

157 3871 308 3995 fflztplnte
323 3871 444 3941 deiparae
478 3871 635 3924 ormitionem
652 3871 737 3924 curnis
754 3873 907 3927 conatione
925 3872 1016 3926 diebus
1033 3869 1130 3924 orbatis
1147 3882 1264 3939 eompre-

263 3956 285 3995 Γ.
494 3949 500 3963 ,

243 4035 271 4092 p.
286 4015 329 4079 60
341 4032 367 4073 v.
382 4015 411 4075 7.
440 4011 478 4071 ed
494 4011 758 4086 circumstetionem]
783 4014 861 4072 euius
874 4012 1033 4090 imaginem
1045 4011 1110 4070 vide
1125 4009 1266 4090 depictam

157 4119 176 4158 ο
189 4100 318 4178 Corippo
331 4101 417 4178 poete
432 4095 564 4156 Africano
579 4099 615 4156 de
625 4097 754 4156 leudibus
766 4097 867 4157 Iustini
883 4103 901 4160 3
925 4096 985 4159 158
996 4127 1039 4140 ·-
1048 4099 1119 4162 169.

244 4185 390 4263 Integrum
404 4183 555 4242 idiomelon
568 4188 663 4243 exstet
673 4183 704 4242 in
718 4183 840 4246 Meneeo
857 4184 898 4249 25
911 4177 1092 4264 Decembris,
1115 4188 1146 4242 et
1161 4181 1267 4242 adscri-
1344 4211 1346 4218 ·

157 4270 346 4331 bitnrloenni
358 4269 506 4333 monacho.
1228 4283 1230 4291 ⁴
