2942 4916
517 273 839 376 inconnucsr.
869 309 913 380 v.
1194 311 1270 384 roo

173 464 205 526 oi
229 462 388 551 desidorium,
433 467 626 556 nup-stophen,
644 468 720 524 mem
744 470 804 554 iege
828 470 857 524 in
880 472 1015 554 dnonymo
1035 465 1100 540 arpi
1120 470 1272 530 resumis.

172 535 240 594 cirri.
262 537 297 592 od
320 538 491 607 aqorlonarem
517 557 568 608 rme
591 557 693 608 κορτης
717 557 782 609 regu
807 545 926 606 tentoni,
951 540 984 593 ed
1010 541 1077 610 quod
1104 542 1273 608 excubabunt,

173 614 285 680 partem,
303 608 438 662 stationem
457 609 484 660 io
499 607 614 662 exercitu
638 608 765 663 habuisse.
800 611 957 680 praefectum
987 625 1074 664 eorum
1096 605 1199 680 adorno
1220 608 1272 666 κη’-

170 675 1275 869 {iiiiiiiiiiiffiffliiiiiii,iiiiuiniii‘iiiiniiadiffidi

613 785 620 813 i

196 816 269 868 eonis
287 815 326 882 F,
343 817 380 882 τῇ
395 816 447 869 τοῦ
463 815 665 886 μαγκλαβίιου,
681 817 720 870 its
736 814 839 882 scribit,
864 811 931 888 ἀξίᾳ
948 834 974 870 m
995 815 1084 884 udalr.
1118 823 1147 870 et
1162 833 1194 870 ne
1212 818 1271 889 quis

171 879 231 939 sirmi
249 884 300 953 τῆς
314 887 367 938 τοῦ
380 884 569 956 μαγγλαβίτου
584 879 664 950 ἀξίας
680 885 851 939 carnificinam
867 889 942 958 putet
958 834 1081 952 aiienam,
1105 900 1138 938 en
1156 890 1185 938 ut
1203 887 1272 958 apud

173 954 374 1008 Grammaticum
393 955 504 1008 Leonem
520 950 667 1021 θυμωθεὶς
687 949 703 1008 ὃ
722 949 849 1026 dardeis
861 952 910 1008 uui
933 948 948 1007 ri
974 953 1114 1016 Boeotium
1134 949 1271 1009 dmartii-

171 1025 252 1077 torm
269 1022 457 1094 μαγγλαβίτην
472 1018 524 1078 mir
539 1019 791 1095 Muooodeddopor
803 1023 877 1094 ξίφει
892 1017 1002 1078 ἀνελεῖν
1017 1016 1068 1078 τόν
1081 1021 1224 1098 poruzo'u,
1240 1031 1270 1079 ut

171 1091 249 1162 quid,
266 1091 315 1144 nisi
333 1098 363 1146 ut
379 1092 466 1146 officio
482 1088 649 1162 inegerunt

123 1256 127 1262 ι
240 1193 275 1247 u.
290 1209 317 1246 r.
336 1192 380 1250 15.
396 1191 603 1266 npspmrripror]
618 1193 661 1266 qui
677 1193 866 1268 supplectilem
880 1197 909 1248 et
923 1189 1010 1264 κόμης
1025 1187 1143 1266 uriprrpr,
1167 1192 1201 1248 de
1217 1208 1268 1264 quo

169 1267 233 1316 uota
248 1262 390 1332 superiore.
550 1265 559 1280 ⁶

255 1371 445 1456 p.39v312
485 1363 704 1453 σκυλλόμαγγος
738 1389 835 1448 mongo
862 1388 967 1430 conum.
1002 1369 1122 1428 Glossae
1149 1363 1268 1429 Latino-

170 1454 310 1514 Graecae:
332 1474 428 1532 mango
442 1450 639 1536 κυνοτρὸφος.
667 1455 763 1514 Iunius
777 1455 908 1516 libentius
922 1454 1028 1533 legeret
1047 1446 1269 1536 σκυλλομαγγό-

168 1563 242 1604 νων.
264 1540 365 1618 quibus
382 1547 511 1622 praeerat
528 1539 547 1604 o‘
563 1534 809 1624 πρωτοκυνηγός,
830 1547 958 1619 magister
977 1560 1027 1600 seu
1046 1543 1169 1622 pmircepr
1186 1558 1272 1601 umm-

168 1631 263 1687 torum.
284 1645 351 1684 nam
365 1629 399 1685 ut
412 1626 514 1706 hodie,
530 1627 570 1686 sic
580 1633 608 1686 et
618 1626 683 1687 olim
698 1627 811 1704 regibus
828 1633 859 1687 et
876 1627 1046 1706 principibus
1058 1625 1170 1686 venatio
1184 1641 1267 1684 curae

167 1716 247 1789 erat,
274 1712 370 1769 forsan
386 1711 506 1788 nimiae,
526 1711 625 1770 saltem
641 1713 796 1772 interdum:
817 1730 884 1771 nam
904 1712 1018 1788 quando
1039 1710 1178 1788 Bulgeros
1194 1710 1267 1786 Scy-

167 1795 233 1856 thas
247 1794 411 1855 Patzinacas
430 1795 585 1854 Saracenos
607 1795 716 1856 Turcas
742 1796 881 1877 principes
902 1795 1045 1875 Cpolitani
1063 1796 1159 1856 venari
1179 1795 1267 1854 debe·

166 1880 256 1957 bant,
276 1881 330 1958 ipsi
343 1877 516 1940 venabantur
528 1899 727 1966 cervosxapros
745 1901 827 1942 ursos
848 1889 878 1942 et
897 1881 997 1940 similia
1017 1881 1186 1957 animantia,
1206 1897 1267 1940 non

166 1966 229 2024 sine
244 1966 352 2042 ingenti
365 1967 491 2045 impensa
496 2007 507 2045 ,
527 1985 601 2044 qnae
614 1967 769 2026 necessario
783 1967 910 2027 iacienda
922 1973 984 2026 erat
1007 1971 1066 2026 tam
1085 1967 1116 2024 in
1139 1965 1267 2025 homines

168 2069 254 2128 quam
267 2052 297 2108 in
310 2069 400 2110 canes.
420 2050 469 2110 ubi
481 2054 595 2113 modum
611 2053 723 2112 minime
736 2054 858 2113 omnium
871 2053 963 2112 tenuit
975 2049 1153 2110 Andronicus
1168 2049 1268 2110 Palae·

166 2135 267 2213 ologus
283 2135 377 2196 Iunior
397 2137 563 2216 imperator,
582 2140 689 2215 dequo
710 2139 851 2218 Gregoras
869 2139 922 2220 sup
941 2138 1025 2198 finem
1038 2156 1105 2198 suae
1118 2137 1268 2196 historiae:

167 2242 247 2282 comes
261 2227 287 2280 ct
304 2241 366 2282 uum
378 2227 518 2296 rourum,
529 2243 626 2301 magno
644 2225 734 2286 debut
755 2240 876 2297 numum
898 2225 992 2304 primu
1010 2227 1054 2284 ito
1073 2229 1131 2282 erat
1153 2223 1269 2297 deditur,

166 2311 244 2368 utsi
269 2311 330 2386 puis
351 2327 409 2366 eum
429 2309 555 2368 aditurus
582 2329 673 2369 camma
699 2315 749 2368 out
777 2329 849 2369 cumn
871 2311 991 2388 offerret,
1014 2308 1149 2387 facillime
1165 2326 1269 2388 comper

166 2397 225 2454 uoti
251 2393 411 2458 redderetur.
451 2413 518 2474 quoe
544 2398 634 2454 omnio
664 2393 866 2456 Centemmanus
885 2399 948 2472 post
968 2396 1025 2454 eius
1046 2395 1144 2455 obitum
1163 2396 1200 2457 ru
1220 2395 1269 2472 qui

164 2479 289 2558 petebant
314 2479 466 2553 distribuit,
494 2499 554 2540 cum
581 2479 792 2556 mogmtudinem
819 2485 971 2559 sumptuum
995 2484 1145 2557 repedaret,
1165 2483 1192 2538 et
1211 2495 1268 2538 rem

166 2567 254 2642 ipsam
273 2566 382 2644 imperio
401 2583 454 2624 mou
473 2564 548 2623 modo
565 2566 686 2624 inutilem
706 2565 751 2623 red
763 2567 842 2626 etaiam
854 2564 1029 2646 periculorum
1041 2563 1189 2626 iudicaret:
1203 2580 1268 2622 mum

167 2649 314 2728 quindecim
337 2668 475 2709 aureorum
495 2649 572 2710 milio
595 2653 759 2730 imperatorii
775 2652 844 2730 fisci
858 2655 1041 2730 promeritores
1060 2649 1136 2710 uitro
1157 2653 1267 2710 merem

164 2752 258 2794 morem
275 2738 304 2794 in
324 2755 369 2794 eas
389 2753 429 2792 rm
449 2753 562 2814 experire
581 2735 748 2796 rettulerunt.
775 2753 921 2796 uumenrm
938 2740 1084 2794 canumet
1103 2733 1197 2796 avium
1216 2751 1266 2792 ve-

164 2819 320 2880 naticarum
345 2818 498 2878 Andronici
520 2822 658 2901 expressit
685 2820 827 2882 Phranzes
851 2821 869 2881 l.
893 2826 910 2884 1
932 2821 1065 2882 chronici
1085 2840 1109 2882 c.
1131 2821 1179 2884 12.
1202 2817 1266 2898 sust

164 2905 331 2965 Andrmzicur
357 2909 505 2966 uenationis
527 2907 725 2986 cupidissimus:
752 2908 843 2968 aiebat
869 2927 947 2968 comer
972 2905 1085 2995 amplius
1104 2905 1176 2966 mille
1196 2924 1265 2986 puu-

164 2989 334 3067 dringentm,
355 3010 419 3050 uum
440 2995 496 3051 rive
515 2996 655 3072 accipitres
678 3013 761 3074 supro
787 2993 858 3054 mille
878 2992 1103 3074 quadringentos,
1134 3012 1197 3072 quor
1217 2991 1267 3070 qui

165 3083 308 3150 curarent,
328 3078 509 3156 properandum
528 3079 635 3140 totidem
654 3079 869 3139 numerabuntur.

233 3190 297 3244 itia.
332 3187 446 3254 auritioc
477 3195 550 3246 conis
580 3197 633 3260 est,
650 3210 701 3247 non
731 3193 860 3250 hodiernis
890 3193 979 3258 modo,
1008 3191 1056 3246 sed
1083 3194 1111 3244 et
1140 3188 1262 3259 antiquie,

164 3273 221 3311 cum
240 3258 350 3328 Scyllam
368 3261 476 3330 pueliam
492 3263 519 3315 in
536 3261 605 3316 freto
623 3263 742 3317 Siculos
759 3263 864 3316 canibus
886 3262 994 3316 obsitam
1017 3255 1137 3314 seritius
1160 3275 1261 3326 runem,

158 3330 290 3395 seminum
313 3331 454 3400 mythologi
476 3331 633 3386 vocaverint.
666 3327 771 3403 μᾶγγος
794 3336 856 3386 nota
877 3348 945 3396 vox,
971 3349 1003 3384 ex
1027 3347 1077 3401 qua
1102 3345 1158 3381 cum
1174 3327 1262 3398 priore

162 3393 375 3467 moniamque.
409 3400 516 3454 eundem
536 3401 653 3454 arbitror·
673 3419 748 3472 quern
773 3401 909 3456 Sciliorurn
927 3400 995 3466 (roim
1011 3397 1157 3466 omniumr)
1175 3403 1264 3450 curto-

159 3465 220 3548 giem
236 3467 408 3538 Luitprandos
424 3469 514 3524 scribit
529 3469 601 3522 initio
618 3471 783 3542 Legationisr
801 3470 874 3526 cuius
889 3469 951 3524 fidei
973 3468 1055 3541 (quod
1070 3485 1122 3522 nou
1137 3464 1265 3534 advertit)

161 3551 221 3606 ipse
236 3535 265 3589 in
281 3543 452 3609 contemptum
468 3537 518 3593 fuit
531 3539 687 3596 commissus.

248 3643 285 3702 ib.
305 3661 331 3700 v.
353 3643 401 3708 15.
441 3639 476 3708 mi
508 3643 655 3725 διβέλλιον
679 3643 777 3724 duplex
796 3663 847 3704 sen
876 3647 1009 3724 germinum
1035 3643 1133 3704 mium.
1167 3639 1265 3702 lunitrs

162 3725 269 3802 ubique
287 3726 436 3788 inscienter
448 3730 539 3790 diuum
560 3729 666 3807 uelum,
684 3748 718 3788 ex
731 3729 841 3791 Latinis
855 3731 933 3792 mour
952 3729 1100 3799 etesium·
1130 3731 1160 3789 et
1182 3724 1266 3788 insci-

162 3814 256 3872 entius
266 3812 359 3872 adhuc
372 3814 454 3873 huius
467 3826 536 3876 suae
555 3815 723 3895 opinationis
742 3822 774 3875 et
793 3817 984 3896 originationis
1003 3813 1141 3873 rationem
1161 3811 1265 3872 reddit

161 3895 240 3975 legat
256 3916 340 3974 quem
356 3918 449 3978 nugae
463 3899 613 3962 delectant
634 3902 795 3980 voculam,
817 3909 851 3964 ut
870 3903 899 3962 in
918 3901 996 3977 aliis,
1017 3900 1058 3957 ita
1070 3904 1101 3957 et
1113 3897 1159 3956 hic
1176 3896 1264 3976 gemi-

162 3983 251 4042 nandi
261 3990 332 4044 nota
345 3990 399 4044 est
420 3992 482 4045 erat
496 3988 550 4047 hoc
565 3987 703 4047 discilium
719 4006 770 4047 seu
793 3988 917 4048 dioelium
931 3983 1061 4046 vexilium
1078 3981 1264 4063 imperatoris,

161 4069 347 4145 geminavelo
360 4077 508 4151 constans,
529 4074 609 4150 qnasi
630 4073 706 4132 dices
729 4075 859 4154 dioeium,
879 4072 958 4150 quod
975 4069 1136 4150 imperatori
1152 4086 1263 4149 semper

126 4231 129 4238 Δ
161 4171 180 4212 a
196 4157 319 4216 scuterio
332 4175 383 4216 seu
398 4158 530 4217 scutifero
543 4159 759 4238 praeferebatur.

230 4269 297 4324 ibid.
333 4270 462 4326 Memmius
493 4274 617 4328 orridrmr
652 4273 819 4342 imperatoris
854 4272 975 4342 bifidum,
1008 4269 1151 4324 Gretserus
1179 4267 1264 4322 orsit-

161 4333 217 4392 ium
232 4339 398 4411 imperatoris
413 4343 520 4414 gemino
536 4345 593 4401 nelo
610 4351 739 4403 mmmm.
760 4343 804 4401 ilie
820 4340 927 4398 iterum:
943 4339 997 4396 stri
1013 4339 1091 4405 docti,
1109 4336 1208 4393 Iunium
1221 4335 1262 4390 in-
