2958 4918
393 371 395 376 ,
459 319 506 390 IN
524 321 676 392 CODINI
704 323 844 394 CARI.
944 323 947 328 ’
1138 321 1209 397 145

100 486 203 562 dolore
214 479 438 571 devsrpo'orpuaa
451 476 606 570 σάββατα,
626 487 680 554 aui
699 485 783 574 aupoi
795 494 860 568 τοῖς
875 491 988 566 δεινοῖς
999 495 1160 572 σοφισταῖς
1172 487 1211 558 ιδ

100 566 323 656 spatiosam,
342 579 377 634 ut
389 574 460 634 scite
472 575 513 635 ait
522 578 637 638 Citrius.

172 705 200 759 p.
212 685 229 744 5
249 705 274 743 v.
286 687 329 744 16.
343 681 359 742 δ
376 682 413 755 ἄρ
432 707 470 743 ιον
481 685 710 762 rotdomum]
726 689 840 756 consule,
857 687 879 744 sl
889 687 1004 742 laborem
1016 693 1139 756 meretur,
1156 688 1213 746 ttu-

101 755 249 827 cbologium
259 763 374 812 nostrum
385 708 431 813 roi
443 760 495 818 770
505 765 533 814 et
543 762 593 815 811
605 757 670 828 περὶ
681 761 757 829 λιτῆς
768 762 797 812 et
806 758 940 828 evaugelio
951 758 978 812 iu
989 774 1022 812 ea
1031 759 1152 828 legendo.

188 861 226 920 ib.
239 881 266 922 v.
281 865 331 928 17.
374 863 509 940 Sequitur
530 861 550 929 d
568 858 669 943 ἄρχον
694 865 757 925 τοῖν
782 857 914 942 φοίτων,
944 880 1028 939 quem
1048 863 1214 926 Bonefidius

102 951 188 1006 vocat
203 945 390 1026 luminarium,
408 949 505 1008 lunius
516 948 683 1030 praesectum
694 949 847 1009 luminibus.
890 947 950 1006 eius
968 955 1031 1009 erat
1051 970 1146 1010 curam
1161 968 1213 1029 ge-

103 1050 166 1090 rere
188 1035 356 1110 φωτισιοῖν,
376 1053 475 1094 recens
488 1033 706 1094 illuminatorum
721 1053 773 1094 seu
789 1033 1012 1114 baptizatorum:
1027 1037 1116 1096 veteri
1138 1037 1214 1095 enim
1303 1093 1306 1098 A

103 1114 238 1176 ecelesiae
253 1117 350 1196 phrasi
368 1118 515 1199 baptismus
532 1118 692 1200 appellatum
708 1113 860 1202 φωτισμὸς
873 1124 904 1177 et
912 1119 1048 1198 baptizati
1057 1121 1212 1200 quriotol,

103 1202 202 1263 forsan
223 1220 283 1263 non
297 1203 360 1265 sine
373 1210 505 1285 respectu
523 1207 563 1266 ad
576 1205 778 1266 caeremoniam
799 1205 943 1282 quandam
959 1223 1032 1280 quae
1041 1205 1214 1285 baptismum

103 1287 346 1365 subsequebatur:
370 1290 511 1351 dabantur
529 1290 605 1351 enim
621 1289 767 1370 baptizato
777 1291 849 1350 cerei
862 1289 971 1349 accensi
981 1291 1011 1349 in
1025 1292 1138 1370 signnm
1147 1291 1214 1352 fidei

104 1377 135 1432 et
155 1374 265 1452 gratiae
285 1380 433 1456 aoceptae,
456 1382 487 1438 et
507 1377 587 1453 quod
606 1395 624 1435 a
643 1380 789 1455 potestate
805 1375 985 1436 tenebrarum
998 1375 1153 1436 translatus
1168 1395 1214 1436 es·
1232 1381 1256 1440 1¹
1274 1371 1325 1439 169

104 1463 150 1517 set
170 1459 209 1519 ad
222 1458 317 1520 lumen
333 1466 364 1520 et
383 1468 489 1522 sortem
504 1466 674 1523 sanctorum.
716 1462 842 1525 meminit
857 1461 941 1520 huius
954 1462 1143 1523 caeremoniae
1152 1461 1214 1522 Na-

104 1543 257 1604 zianzenus
284 1550 356 1606 orat
379 1551 409 1608 iu
433 1555 555 1608 sanctum
577 1548 734 1625 ἱαοοιτννι,
768 1553 799 1606 et
822 1547 852 1606 S
882 1544 1060 1624 Augustinus
1087 1543 1117 1608 in
1141 1546 1213 1608 illud

103 1627 208 1690 Psalm
226 1630 283 1697 65:
304 1634 478 1694 transivimus
497 1653 547 1714 per
567 1636 656 1710 Quem
677 1638 703 1693 et
718 1651 818 1712 aquam
832 1638 883 1699 etc.
926 1631 1023 1692 Iunius
1040 1633 1126 1693 ritum
1136 1633 1213 1694 huuc

103 1714 238 1795 involvit,
265 1735 303 1775 ne
330 1718 459 1778 emineat.
500 1719 724 1794 οοοαιδοδονδντ,
750 1717 860 1796 inquit,
889 1717 1044 1781 ammona.
1093 1723 1125 1778 at
1152 1737 1212 1779 nou

104 1806 218 1862 tantum
239 1800 309 1882 boc,
334 1804 388 1862 sed
404 1809 434 1864 et
453 1822 571 1864 accensa
591 1802 778 1863 tradebantur
792 1802 953 1882 baptizatis.
995 1803 1147 1883 atquidic,
1167 1803 1211 1862 in-

77 1915 82 1922 ,
106 1887 185 1964 quit,
202 1889 274 1946 ritus
292 1887 427 1948 ordinarie
444 1889 482 1950 οδ
500 1889 658 1969 baptismam
673 1890 869 1960 οδιιιοοδοίιιτ.
910 1907 961 1948 cur
982 1887 1070 1966 igitur
1083 1907 1135 1949 vos
1149 1907 1212 1948 mu-

104 1973 190 2031 tastis
205 1977 234 2032 et
247 1971 432 2052 abrogastist
457 1982 597 2056 ριοτίιττο
615 1993 678 2034 vero
697 1976 879 2034 οιοιίνοτιοιίο
895 1977 925 2034 iu
942 1973 1127 2052 dagaloribm
1148 1977 1213 2053 qoi-

105 2045 217 2119 διιὲδοοι
243 2058 336 2120 diebus
359 2059 444 2140 sestr's
465 2079 515 2140 per
542 2059 756 2139 computarium,
785 2063 817 2120 at
839 2063 870 2120 in
898 2057 947 2118 boc
971 2058 1039 2118 libro
1060 2057 1215 2138 appellatur

103 2141 240 2224 p.4410
255 2151 285 2204 et
298 2147 357 2223 23,
377 2142 616 2226 (acoendebantnr
627 2145 698 2205 haec
710 2143 879 2224 luminaria)
919 2149 951 2204 at
963 2143 1148 2225 lampadarim
1157 2145 1214 2204 iste

104 2227 174 2288 nibil
191 2227 248 2288 buc
268 2229 349 2288 facit:
374 2237 436 2290 erat
458 2231 533 2290 enim
551 2230 674 2292 officium
694 2231 755 2290 eius
774 2230 945 2311 palatinum,
966 2248 1026 2290 non
1045 2229 1214 2315 ecclesiasti·

104 2334 185 2388 στοις
206 2314 441 2395 praeferebatqne
457 2316 618 2397 lampadem
636 2335 783 2376 ascensam
798 2335 857 2376 non
871 2313 1060 2392 singularibus
1074 2315 1213 2374 duntaxat

104 2400 187 2460 festis
201 2405 231 2460 et
244 2401 449 2478 anniversarie,
471 2404 525 2462 sed
537 2402 649 2478 quoties
663 2401 860 2481 imperatorin
875 2400 1017 2480 publicum
1030 2400 1215 2480 procedebat,

104 2491 140 2545 ut
160 2504 196 2545 ex
216 2485 385 2546 Balsamone
404 2488 478 2546 infra
498 2489 647 2547 ostendam
660 2487 698 2545 ad
712 2506 741 2565 p.
755 2484 797 2552 45
814 2506 841 2547 v.
858 2491 886 2550 1.
928 2483 1014 2562 longe
1027 2504 1096 2562 ergo
1112 2481 1215 2548 aliusd

104 2567 209 2650 ἅρχων
224 2573 286 2635 τοῖν
300 2570 412 2650 odrae
425 2578 456 2632 et
469 2571 540 2631 alius
554 2570 573 2638 ὅ
586 2566 802 2654 λαμπαδοὶρτος.
844 2587 937 2646 neque
951 2575 1063 2630 tantum
1072 2569 1159 2628 smel
1171 2567 1218 2629 vel

105 2657 256 2735 aliquoties
277 2657 307 2715 in
330 2676 406 2718 auno
424 2675 493 2717 usus
513 2657 650 2718 luminum
671 2657 781 2718 eratin
801 2654 931 2736 templis,
952 2656 1005 2715 sed
1027 2658 1216 2735 perpetuast

105 2747 171 2802 toto
194 2762 285 2818 ann03
306 2744 392 2830 etiam
415 2749 485 2804 tunc
508 2745 623 2822 quaudo
649 2741 718 2802 nulli
742 2737 940 2819 νοοφοὸτιστοι
957 2742 1091 2805 aderaut:
1119 2757 1215 2818 neque

104 2829 182 2889 erim
196 2830 282 2890 moris
297 2834 359 2889 erat
370 2829 486 2890 Graecis
499 2829 642 2908 liturgiam
654 2829 716 2890 sine
730 2827 882 2888 luminibus
895 2825 1044 2886 celebrare.

53 2987 55 2992 ,
175 2926 240 2981 ibid.
269 2922 393 2996 δᾶρχων
404 2928 460 2982 τῶν
476 2925 587 2998 φοίτων]
599 2929 649 2982 boc
660 2925 946 2996 officiumiuqnuttuor
955 2922 1077 2976 videntur
1086 2918 1216 2976 Allutiam

105 2995 251 3118 δδὲμοοδιὶ,
270 2996 320 3049 boe
336 3005 427 3068 protos
456 2993 471 3052 δ
487 2992 645 3067 aucuparis
660 2996 799 3066 κατηχίζιι
822 2989 885 3062 (civ
899 2987 969 3047 tadu
984 2989 1033 3047 nui
1048 2990 1088 3058 Μ)
1104 2986 1216 3076 πάντμς

104 3083 124 3119 τ
160 3084 174 3129 ς
192 3061 402 3134 εἰσερχομένους
417 3058 448 3119 ἐκ
460 3066 516 3120 τῶν
533 3061 704 3134 ἑτεροδόξων
726 3062 767 3128 εἰς
788 3057 843 3134 τὴν
859 3057 1022 3131 δρθόδοξον
1044 3059 1152 3129 πίστιν,
1176 3077 1222 3124 ap

106 3133 157 3188 iva
173 3128 207 3189 τδ
224 3128 306 3202 ἅγιον
323 3133 465 3206 βάπτισμα
481 3131 627 3202 δέξωνται.
662 3129 679 3190 δ
703 3127 887 3201 τεροοδεντὴς
903 3129 1065 3198 περιπατῶν
1082 3125 1131 3182 καὶ
1147 3143 1214 3180 παι·

105 3200 260 3273 δευόμενος
275 3200 402 3273 (ὁδηγῶν
411 3204 454 3272 Μ)
471 3200 537 3267 coir
548 3200 688 3267 θέλοντας
703 3203 898 3276 βαπτισθῆναι
914 3201 950 3270 τῇ
960 3193 1110 3270 ὀρθοδόξφ
1126 3197 1216 3256 πίστει

122 3267 261 3328 εἰσελθεῖν
284 3269 325 3332 εἰς
341 3267 394 3342 τήν
416 3270 578 3342 δρθδδοξον
597 3275 691 3328 πίστιν
709 3272 762 3339 Μ).
798 3265 815 3326 δ
841 3263 987 3341 βοοιιστής
998 3266 1115 3350 ,δστατοιι
1132 3259 1164 3320 ἐν
1179 3263 1219 3337 τῇ

144 3339 175 3415 ιἰμ
193 3343 261 3398 notu
301 3337 379 3415 q'dpqc
413 3339 462 3396 aul
478 3337 495 3397 ὁ
512 3337 688 3412 [sociatique
704 3336 755 3403 τὰς
771 3333 870 3424 eizuip,
894 3333 911 3390 ὁ
929 3332 962 3391 oi
979 3329 1121 3406 δοχιερονς
1132 3350 1216 3389 στον-

107 3410 192 3479 pura
208 3404 241 3464 ιδ
259 3341 352 3479 ibae,
377 3378 439 3465 iri
451 3407 599 3482 βοοτιοτὴς
614 3410 740 3484 βαπτίζει
751 3404 802 3465 ris
811 3411 947 3492 pstheau
959 3405 1181 3490 βαπτμοδῇναι.,
1197 3395 1215 3456 δ

105 3477 268 3551 μνροδόιης
284 3479 333 3534 ἵνα
350 3474 519 3546 innocencia
534 3475 567 3537 ιδ
587 3475 670 3551 ἅγιον
686 3475 792 3552 μόνον,
818 3474 868 3532 καὶ
884 3491 959 3533 οιτον
975 3469 1009 3530 ιδ
1026 3471 1110 3546 opiter
1128 3467 1145 3528 δ
1162 3489 1215 3543 αρ-

105 3544 214 3621 χοιριδς
222 3550 275 3604 τοῦ
284 3549 386 3604 δοῦναι
395 3550 495 3620 μῦρον.

192 3657 222 3718 p.
237 3639 258 3706 6
271 3657 298 3699 v.
316 3640 364 3703 18.
406 3638 531 3700 Ultimus
545 3637 642 3699 iubae
656 3632 871 3720 pentadeestd
883 3629 986 3719 ἅρχων
997 3635 1061 3697 ruo
1076 3625 1216 3709 οἷντιμιν-

107 3722 185 3787 σίων
209 3741 261 3784 seu
282 3717 489 3804 α’ντιμινσίου,
516 3717 648 3807 εἰσάγων
667 3721 741 3799 corle
756 3717 981 3804 εἰσερχομένους
995 3717 1039 3792 εἰς
1052 3711 1111 3796 τήν
1125 3713 1216 3806 οἱγίαν

106 3803 295 3892 μετάληψιν,
322 3809 478 3890 praefectur
502 3813 730 3887 οντίοιτοιδοηιοι,
752 3808 879 3870 aaaron
898 3827 941 3868 ιον
960 3805 1010 3887 qui
1028 3819 1217 3864 ιοοτοοιοοτι-
1303 3859 1305 3862 ,

105 3897 254 3956 munimem
266 3898 386 3975 tempere
398 3896 502 3958 volunt.

177 3991 244 4049 ibid.
266 3991 470 4076 cbartopbylax,
485 3992 694 4066 utsupmvisum
705 3995 763 4062 art,
778 3987 813 4046 nd
826 3985 1041 4054 ecdmiufleam,
1059 3979 1102 4038 bic
1116 3979 1152 4036 ad
1163 3979 1216 4035 lai·

107 4077 376 4122 mmmmmumonem
388 4063 490 4119 invitat.

193 4151 293 4212 Iunius
305 4152 462 4232 praestetur
478 4157 625 4215 antemnae·
643 4169 761 4228 merrae,
779 4141 916 4212 addiscens
936 4163 979 4204 eor
1000 4145 1134 4223 qrcieraat
1147 4158 1216 4201 uen-

108 4239 169 4298 turi
185 4237 223 4298 ud
242 4242 443 4300 ammonemur
463 4258 577 4301 ιοοιοοι.
618 4239 715 4319 inepte
734 4255 868 4318 prorsus,
888 4238 918 4293 et
933 4229 1027 4290 adbuc
1043 4227 1166 4308 ineptiis
1185 4227 1216 4285 in

14 4387 15 4390 ,
105 4322 239 4402 ¹sclroiiis,
259 4328 294 4382 ut
307 4324 378 4385 satis
393 4325 487 4385 mirari
503 4342 643 4402 nequeam
659 4321 779 4390 bominis
789 4321 872 4384 buius
882 4318 929 4390 ¹luis
944 4317 974 4376 in
993 4315 1079 4376 rebus
1091 4331 1143 4374 seu
1154 4306 1216 4376 dle·

153 4417 247 4474 cedia.
267 4415 422 4489 cnoporaa
443 4417 477 4478 δτ
499 4418 574 4490 offic.
763 4411 767 4417 '
971 4400 1013 4464 10

821 4627 838 4661 οἱ
