3050 4924
447 287 504 354 nu
530 285 707 356 osricus
733 287 794 356 cr.
821 285 906 354 oss.
928 237 972 355 ν.
1210 285 1258 362 41

158 465 266 548 τακτῇ.
319 460 345 526 εί
360 457 393 526 δέ
405 458 458 525 καί
473 453 596 548 ὑμίρας
607 453 825 546 πριμμικήριος
839 459 871 526 έν
879 459 968 551 χρείᾳ
981 459 1067 537 τινὺς·
1076 461 1189 547 γένοιτο
1202 469 1263 530 τῶν

161 563 222 630 ἀπὸ
236 558 350 646 ταὺτης
356 609 368 643 ,
388 560 466 649 πρὸς
478 560 531 627 τὸν
546 560 826 650 πρωταλλαμίτορα
842 564 920 648 λέγει
935 566 986 631 καί
997 569 1087 632 καλεῖ
1094 572 1211 634 τοῦτον.

261 663 300 732 ‘0
316 665 410 752 μέγας
428 663 582 749 διοικητὴς
597 664 741 748 οὐδεμίαν
755 663 921 753 ὑπηρεσίαν
935 666 1007 751 ἕχει.

261 765 300 835 Ὁ
314 764 548 856 ὃρφανοτρόφος
560 760 598 851 ήν
610 768 666 852 μὲν
679 770 846 857 φροντίζων
860 771 911 836 καί
924 763 1156 854 ἕπιμελὺῶμενος
1168 767 1265 838 urii-as
1280 779 1303 833 P
1321 781 1356 837 68

135 879 225 940 sub
242 869 402 959 ὑρφάνων,
427 876 482 936 νῦν
495 871 529 936 δέ
543 870 687 954 οὑδαμῶς
703 871 845 956 κέκτηταί
856 890 924 939 τινα
934 871 1112 962 ὑπηρεσίαν.

213 986 215 996 ’
262 973 300 1041 ‘O
316 969 559 1062 πρωτονοτείριος
573 977 665 1059 δῆλος
678 977 729 1040 καὶ
744 975 804 1042 ἀπὸ
819 983 873 1043 τοῦ
889 972 1054 1061 ὀνόματος·
1074 983 1195 1079 πρῶτος
1205 976 1266 1068 γὰρ

161 1086 226 1148 τῶν
239 1082 388 1166 νοταρίων
402 1077 471 1164 ήτοι
484 1084 545 1146 τῶν
559 1085 789 1166 γραμματικῶν.

271 1185 318 1248 To
341 1189 397 1249 τοὺ
420 1185 469 1250 ἐπί
487 1188 549 1248 τῶν
566 1178 764 1268 ἀναμνήσεων
785 1178 965 1269 ὑπηρέτημα
978 1179 1074 1250 πάλαι
1087 1182 1142 1268 μέν
1159 1175 1268 1267 ήντοὺ

163 1281 406 1374 ἀπογράφεσθαι
423 1283 495 1364 τοὺς
508 1287 540 1351 έν
554 1295 622 1364 ταῖς
636 1296 794 1374 στρατιαῖς
814 1289 865 1352 καί
885 1287 1023 1370 ἀλλαχοῦ
1041 1285 1268 1375 ἀριστεύοντας,

121 1391 218 1462 tonui
241 1388 478 1475 ἀναμιμνήσκειν
497 1388 532 1456 τὸ
556 1387 631 1478 ὑπὲρ
655 1390 756 1456 αὑτῶν
778 1397 823 1479 τῶ
842 1396 982 1473 βασιλεῖ,
1009 1393 1062 1457 ἵνα
1087 1387 1269 1474 λαμβάνωσι

162 1492 222 1570 τὰς
244 1492 458 1582 προσηκούσας
478 1489 585 1579 τιμιίς·
610 1494 690 1562 κατὰ
711 1495 744 1562 ul
763 1494 799 1561 τὸ
818 1494 918 1583 παρὸν
938 1496 1083 1580 οὐδεμίαν
1102 1492 1268 1582 ὑπηρεσίαν
1368 1553 1370 1562 ,

163 1621 238 1680 εχει.

262 1696 301 1766 Ὁ
316 1698 492 1784 δομέοτικος
503 1697 626 1784 τειχίον
641 1695 703 1781 έχει
716 1703 806 1766 τοῦτο
821 1698 857 1767 rb
870 1695 1066 1788 ὑπηρέτημα,
1092 1696 1139 1766 ὅτι
1152 1697 1270 1778 είτίνος

164 1802 206 1869 τὰ
220 1799 339 1890 κῶστρα
353 1800 570 1891 περιποιήσεως
587 1802 718 1884 δέοιντο,
743 1805 951 1887 ἐπιμελεῖσθαι
968 1810 1059 1871 τοῦτο
1078 1807 1120 1883 είς
1135 1803 1171 1871 τὸ
1191 1803 1270 1880 ἀνα-

122 1908 336 1987 15κτίζεσθαι.

265 2006 305 2077 ‘0
323 2006 559 2098 προκαθήμενος
572 2015 627 2078 scii
642 2014 785 2088 κοιτῶνος
798 2015 854 2096 τοῦ
868 2013 1030 2093 βασιλικοῦ
1043 2006 1130 2099 ι’ίρχει
1142 2008 1198 2093 μέν
1209 2014 1270 2076 τῶν
1284 2021 1308 2076 Β

166 2114 391 2201 κοιταναρίοιν,
425 2109 591 2201 εὑρίσκεται
618 2113 652 2179 δέ
680 2099 740 2178 ὑπὸ
763 2112 816 2178 τὸν
836 2119 892 2180 τοὺ
912 2119 1055 2192 κοιτῶνος
1071 2110 1272 2200 παρακοιμῶ·

165 2242 269 2301 μενον.

267 2315 306 2385 ‘0
326 2313 561 2405 προκαθήμενος
576 2323 631 2385 τοὺ
646 2320 823 2408 βεστιαρίον
836 2314 895 2384 ὑπὸ
909 2317 962 2386 civ
974 2318 1272 2407 πρωτοβεστιαρίτην

124 2420 339 2509 Ξθεὺρίσκεται
346 2469 357 2501 ,
379 2417 524 2507 ὑπηρετεῖ
534 2422 568 2488 δέ
581 2423 632 2487 καί
647 2421 757 2500 εἰςτὰς
770 2424 1002 2513 προφερομένας
1015 2426 1066 2490 καὶ
1079 2422 1275 2509 ε’ξερχομένας

168 2526 309 2604 εἰσόδους
323 2551 355 2593 τε
369 2527 421 2593 καί
437 2522 570 2603 ἐξόδους.
804 2543 808 2554 ’

268 2626 307 2696 Ὁ
329 2625 503 2718 βισταίριος
525 2626 585 2712 έχει
605 2627 785 2714 ὑπηρέτημα
800 2623 985 2694 θαλάσσιον.
1034 2632 1089 2694 τοῦ
1105 2625 1164 2716 γὰρ
1180 2633 1274 2710 βασι-

240 2825 260 2880 4
278 2820 294 2879 ὑ
314 2824 393 2894 vulgo
411 2842 453 2879 orn
591 2825 624 2878 19
638 2818 697 2883 ὑπὸ
714 2851 750 2866 -·
765 2825 801 2878 20
817 2819 989 2893 εὑρίσκεται]
1006 2818 1085 2892 ἄρχει
1101 2821 1152 2892 μὲν
1168 2823 1275 2895 limeu-

243 2895 307 2963 ρίον
323 2896 360 2964 Α,
378 2897 456 2950 omB
567 2895 602 2950 22
619 2889 636 2948 ὁ
655 2893 815 2964 βιοτιαρίοα
829 2895 869 2964 Α,
886 2891 920 2949 τὸ
937 2893 1098 2965 βεστιαρίον
1113 2895 1137 2948 Β

172 3067 255 3122 ‹lucst
275 3066 446 3135 debitumque
468 3064 587 3120 ordinem
604 3071 753 3123 conservet·
788 3063 813 3120 si
834 3083 899 3120 uero
916 3083 1024 3136 mugnus
1040 3064 1205 3136 primicerius
1224 3064 1274 3120 sli-

172 3155 228 3206 quo
244 3155 277 3190 ex
293 3136 420 3190 militibus
437 3135 575 3190 comitatus
591 3153 658 3206 opus
675 3135 785 3205 habeut,
802 3135 935 3205 significat
951 3135 980 3190 id
996 3136 1210 3208 protullagotori,
1228 3135 1275 3210 qui

172 3224 232 3262 cum
251 3206 374 3260 accersit.

243 3275 357 3344 Magnus
373 3272 568 3328 administrator
585 3273 679 3328 nulium
695 3274 855 3328 functionem
871 3273 961 3330 habet.

246 3343 483 3416 orphanotrophus
500 3343 561 3397 cliro
579 3343 693 3397 habebut
709 3361 796 3398 curam
815 3343 990 3415 pupillorum,
1014 3361 1084 3398 nunc
1100 3343 1171 3399 omni
1186 3343 1277 3398 officio

174 3420 259 3470 caret

245 3481 445 3537 Protonoturius
461 3480 521 3553 ipso
538 3497 586 3536 suo
603 3481 707 3536 nomine
724 3479 881 3536 innotescit:
900 3486 943 3536 est
958 3481 1027 3536 enisu
1041 3481 1141 3554 primus
1158 3481 1277 3538 notario·

173 3571 233 3607 τινα
251 3551 309 3603 sive
325 3551 479 3604 scribarum.
748 3567 752 3575 ⁴

246 3620 313 3675 Eius
329 3619 375 3687 qui
392 3637 409 3674 u
426 3619 549 3673 memorio
563 3621 664 3674 iunctio
682 3618 743 3671 olins
759 3623 831 3685 erut,
849 3624 879 3672 ut
894 3619 1088 3690 eorumquiin
1103 3618 1279 3692 expeditioni-

174 3694 227 3746 bus
246 3699 273 3744 et
292 3689 356 3742 olibi
371 3689 507 3762 praeclare
524 3707 554 3742 sc
571 3691 732 3758 gessissent,
755 3687 860 3742 nomino
876 3689 1054 3760 describeret,
1080 3706 1178 3774 eosque
1194 3689 1280 3758 impc-

174 3759 261 3815 tutori
278 3759 305 3812 io
324 3759 471 3811 memoriam
487 3768 642 3824 revocaret,
668 3775 719 3826 quo
743 3755 820 3812 iustis
838 3757 980 3814 honoribus
998 3768 1027 3814 et
1043 3758 1169 3829 praemiis
1186 3758 1281 3824 ulficc7

174 3837 279 3886 rentur.
314 3827 343 3880 in
361 3827 495 3896 praesenti
511 3826 606 3882 nullutn
623 3827 784 3880 functionem
801 3827 891 3880 habet.

246 3896 412 3951 Domesticos
429 3913 558 3949 murorum
575 3897 642 3949 hunc
658 3896 818 3949 functionem
840 3896 936 3967 babet,
959 3901 989 3952 ut
1005 3895 1030 3950 si
1047 3894 1121 3950 cuius
1138 3895 1218 3950 urbes
1234 3913 1280 3950 re-

178 3967 318 4040 paratione
333 3972 442 4034 egomt,
461 3983 494 4020 eo
508 3968 658 4036 repuruudu
675 3973 758 4018 curet.

248 4035 360 4088 Praeses
376 4034 489 4087 cubiculi
505 4035 669 4108 imperatorii
685 4038 792 4108 praeest
805 4034 910 4106 quidem
926 4031 1107 4103 cubiculariis,
1124 4033 1173 4088 sed
1188 4034 1280 4092 subiu-

179 4113 225 4160 cet
242 4104 387 4158 accubituri
404 4103 527 4158 cubiculi.

249 4173 361 4227 Praeses
384 4172 504 4226 vestiarii
521 4172 658 4226 subiicitur
675 4172 917 4244 protovestiaritae.
953 4188 1059 4243 operum
1077 4189 1151 4229 suant
1166 4173 1237 4230 locut
1252 4173 1281 4228 in

181 4250 349 4312 acceptorum
365 4259 591 4314 expensorumque
602 4247 780 4314 ‘proventuum
796 4243 943 4299 rationibus
960 4242 1126 4300 annotandis·

252 4311 376 4366 vestiarii
401 4329 492 4366 nunus
518 4321 661 4383 occupetur
677 4313 705 4368 iu
724 4311 799 4370 sueri.
834 4329 893 4368 nuru
916 4309 1020 4382 quaudo
1039 4313 1183 4385 inperator
1197 4329 1279 4382 expe·
