2968 4924
463 308 511 376 nr
531 309 681 378 conns
702 311 788 381 cu.
817 311 846 382 1.
877 257 879 263 l
1142 317 1214 390 ras

106 479 207 536 uatum
220 491 240 534 a
252 469 354 532 sacello
365 472 526 551 pecuniaria
540 493 591 534 seu
605 473 641 534 ab
656 475 778 555 aerario,
800 482 833 536 ut
847 492 934 555 supra
951 475 1078 536 diximus.
1092 475 1123 536 S.
1137 474 1215 540 Ana-

106 562 212 620 stasius
227 559 337 620 Sinaita
349 559 379 618 iu
392 579 445 620 suo
457 560 580 638 Hodego
595 562 662 620 dicit
676 565 846 623 aerbertum
861 583 924 622 esse
937 581 1039 624 nomeu
1054 565 1215 640 Syriacum:

108 642 238 710 obertio
257 643 315 727 peip
335 639 369 707 sb
394 645 534 725 δέχεσθαι
547 647 676 725 εἴρηται,
701 669 762 708 aum
784 650 884 710 sacella
905 657 944 708 est
965 651 1177 726 receptaculum,
1198 670 1218 710 u

106 731 257 810 recipiendo
270 735 309 790 stc
323 729 433 790 olidum.
471 749 528 808 nec
550 733 650 792 anuum
666 753 771 802 saraia
791 740 821 792 et
842 735 968 794 sacdtura
987 753 1084 816 omnes
1104 735 1215 812 linguas

107 822 279 897 pervagatos
292 817 377 875 etiam
390 815 421 876 iu
435 816 578 893 Syriacam
589 817 741 896 irrepsisse.

193 903 239 962 Ex
268 901 310 962 bis
347 920 420 978 quae
455 903 590 963 hactenus
625 904 717 981 dicta,
756 900 836 964 facilc
868 902 921 962 erit
956 903 1088 966 iudicium
1120 905 1213 974 facere
1230 901 1253 954 P
1272 901 1322 956 ¹58

107 1007 193 1066 quam
206 1006 273 1045 vera
284 987 342 1044 sint
354 1005 425 1064 qnae
441 987 477 1046 de
493 989 632 1048 scorbario
644 995 673 1048 et
691 991 727 1047 de
747 988 886 1066 praefecto
899 990 1005 1052 sucellir'
1027 989 1123 1048 Iunius
1139 1009 1215 1050 com-

106 1079 252 1132 mentatur
273 1093 302 1150 p.
323 1074 387 1138 245
407 1078 437 1130 et
457 1070 530 1137 246.
559 1093 651 1132 marea
665 1080 705 1132 est
725 1075 881 1150 ambiguum
905 1067 1097 1155 σακελᾶριος,
1123 1075 1216 1153 inquit

106 1157 213 1218 Iunius.
255 1159 295 1216 sit
306 1157 362 1236 ita,
386 1157 612 1236 quandoquidem
628 1157 747 1218 Ioannes
763 1157 869 1217 Citrius
889 1155 943 1221 rba
959 1157 1010 1222 tat
1031 1163 1086 1238 τῆς
1106 1166 1216 1241 μικρᾶς

107 1245 251 1320 canitiae
270 1242 354 1302 etiam
368 1244 538 1304 sacellarium
552 1245 694 1322 nominat,
715 1244 794 1302 cuius
813 1244 895 1322 plura
916 1246 990 1304 forte
1011 1245 1138 1322 exempla
1153 1265 1213 1304 non

105 1329 245 1407 reperies;
266 1329 361 1406 apitius
371 1328 497 1388 sacellius
514 1327 674 1408 vocabitur,
693 1331 718 1388 si
733 1349 789 1388 uno
810 1331 922 1388 minine
938 1349 1038 1390 vocare
1051 1331 1127 1390 velis.
1150 1351 1213 1392 aum

105 1417 183 1474 audo
192 1433 368 1494 perroauruar
384 1421 504 1493 repectu
523 1415 640 1491 dicitu,
661 1419 709 1494 pri
721 1417 806 1476 aaa
828 1415 976 1476 lenioribus
998 1422 1024 1474 ct
1045 1417 1091 1476 deo
1111 1417 1211 1476 dicatis

101 1499 257 1580 praefectus
269 1504 324 1574 eet,
343 1499 419 1559 modo
434 1519 521 1560 raum
536 1501 714 1578 lacunarum
730 1507 799 1578 puta
821 1505 845 1559 a
860 1505 909 1578 qui
929 1503 1032 1580 tcaplis
1044 1503 1212 1580 domibusque

105 1589 200 1644 sacas
243 1581 308 1648 atri
326 1587 382 1646 roei
399 1585 555 1648 euusttlou
578 1605 636 1645 non
660 1587 746 1645 mado
767 1585 920 1664 parietibus
940 1587 1109 1664 templorum
1129 1606 1211 1665 prae-

104 1677 182 1746 erat,
203 1671 255 1728 sed
271 1676 300 1728 et
314 1669 388 1728 clero
399 1672 436 1729 ad
446 1670 493 1730 illa
506 1672 611 1748 templa
628 1671 797 1750 pertinenti,
816 1677 846 1729 et
859 1673 1084 1749 confugientibus
1099 1692 1211 1752 quoquc

104 1757 143 1816 ad
157 1755 204 1814 illa
213 1756 332 1835 templa:
346 1755 402 1814 hoc
415 1757 489 1814 euim
505 1761 552 1816 est
565 1762 685 1836 κρατεῖν
700 1753 753 1828 sele
765 1754 932 1830 audouario
947 1759 1111 1836 ἐκκλησίας.
1140 1779 1210 1836 ergo

104 1840 173 1906 eto‘
196 1845 252 1902 rori
274 1841 431 1904 auaritiae
453 1861 513 1906 nou
534 1844 620 1902 modo
644 1843 673 1900 in
697 1860 741 1900 res
762 1847 792 1900 et
813 1843 875 1902 loca
895 1843 947 1903 sed
971 1851 1000 1902 et
1023 1845 1053 1902 in
1074 1863 1210 1923 personas

104 1927 149 1986 ius
172 1926 285 2006 habuit,
309 1946 399 2004 aeque
423 1945 457 1986 ac
479 1945 600 2006 magnus
618 1927 784 1989 sacellarius.
827 1929 904 1988 cadit
918 1947 986 2005 ergo
1002 1928 1072 1988 haec
1093 1930 1211 1988 lununa

104 2013 265 2072 distinctio:
286 2013 417 2074 boarirura
426 2017 582 2092 procuratio
592 2019 618 2072 et
626 2014 799 2091 praefectura
812 2015 913 2072 dicitur
927 2015 1080 2088 sacellario,
1095 2017 1211 2075 locorum
1330 2015 1332 2037 '

103 2118 167 2158 uero
182 2097 329 2161 corallium.
372 2117 406 2158 ex
423 2118 480 2176 quo
500 2104 615 2161 auctore
632 2099 735 2176 probas
755 2097 809 2157 hoc
827 2099 998 2158 dacrimenl
1024 2101 1086 2178 quis
1103 2100 1148 2158 ille
1162 2102 1211 2177 qui

103 2185 197 2264 priore
210 2184 258 2242 illo
274 2183 409 2260 vocabulo
423 2190 475 2244 tua
486 2185 602 2244 notione
616 2183 726 2246 utitur?
742 2190 818 2243 certe
833 2185 1002 2254 cucullarium
1017 2187 1131 2245 deducit
1145 2185 1212 2244 au-

102 2289 204 2330 samou
219 2271 364 2349 asscella,
381 2275 411 2329 et
425 2269 654 2346 benecarselle,
678 2275 710 2328 ut
729 2276 762 2328 'et
782 2267 836 2333 τόν
856 2274 911 2332 τοῦ
934 2273 1106 2347 auselblou,
1133 2272 1210 2349 quod

103 2359 145 2414 ait
158 2375 221 2415 esse
237 2351 471 2436 riaouoprerurbo
487 2374 538 2414 sen
558 2355 767 2431 dinunutivum,
781 2373 799 2417 a
815 2356 910 2415 ucello
924 2374 975 2414 seu
994 2357 1122 2416 saccello.-
1143 2377 1209 2418 narn

102 2441 298 2500 diminutivum
315 2441 507 2500 adiminutivo
521 2440 648 2516 formari,
661 2446 694 2499 ut
707 2459 725 2499 a
738 2440 835 2498 sacello
846 2441 1000 2518 cucullium,
1018 2441 1092 2500 sicut
1105 2439 1209 2500 Latine

102 2546 122 2586 a
132 2526 243 2586 sacculo
257 2527 397 2586 saccellum
413 2526 597 2605 soccellalnm,
614 2545 696 2587 nemo
711 2525 807 2584 nescit

187 2610 250 2672 Nec
276 2632 374 2672 verum
401 2610 486 2670 illud:
518 2611 691 2684 euasti-lou,
726 2611 757 2670 id
781 2615 820 2668 ert
833 2679 834 2682 Ἴ
847 2628 932 2668 raum
953 2610 992 2670 ud
1015 2629 1108 2668 sacras
1128 2611 1206 2670 aedes

101 2706 128 2759 et
159 2698 259 2756 sacella
285 2701 480 2776 pertinentium.
526 2695 595 2756 nihil
622 2696 731 2773 mium,
766 2696 832 2772 quia
863 2694 931 2752 nihil
959 2695 1004 2754 hic
1031 2695 1068 2752 de
1096 2695 1205 2757 sacellis

102 2801 175 2862 quae
187 2781 297 2842 latinis
312 2783 429 2859 sacella,
449 2783 598 2862 cappellae,
616 2783 693 2842 unde
711 2781 866 2840 saeeflanus
884 2785 913 2838 et
935 2779 1131 2860 cappellanus;
1153 2801 1205 2842 nec

102 2868 122 2932 ri
135 2873 194 2931 rosi
207 2869 362 2930 auaritiae
376 2887 393 2927 a
407 2868 492 2926 sacris
507 2868 630 2944 sacellis,
642 2887 714 2945 quae
729 2871 797 2924 sunt
812 2865 969 2943 cappellae,
988 2885 1090 2924 nomeu
1103 2866 1204 2940 habet;

100 2972 154 3014 nec
163 2955 201 3013 ad
209 2973 305 3029 curam
318 2953 377 3012 eius
394 2955 561 3032 spectabant
576 2972 672 3014 sacrae
684 2958 793 3028 vestes,
808 2970 891 3028 vasa,
905 2951 1013 3010 reclr‘tus
1027 2957 1056 3008 et
1069 2952 1099 3008 id
1113 2971 1203 3029 genus

99 3041 156 3100 alia
174 3041 212 3098 ad
228 3038 334 3117 templa
350 3059 401 3098 seu
415 3039 516 3098 sacella
534 3058 614 3098 sacra
633 3038 718 3118 (quas
740 3037 840 3096 Graeci
858 3043 960 3096 vocant
982 3039 1205 3115 auosualrpelug

99 3145 151 3185 seu
174 3119 390 3202 aupsuutriosu)
413 3125 596 3202 pertinentia,
618 3124 684 3202 quia
706 3123 869 3182 haec·alios
891 3128 1034 3182 curatores
1051 3119 1204 3199 habebant,

99 3219 133 3270 rit
146 3231 183 3270 ex
194 3212 257 3288 ipso
272 3211 385 3270 Codina
397 3215 496 3270 notum
511 3216 556 3269 est
571 3231 599 3288 p·
621 3211 642 3274 4
658 3229 684 3268 u.
707 3216 735 3276 3.
757 3215 855 3270 noster
881 3213 976 3266 autem
993 3209 1151 3267 sacellarius
1175 3214 1207 3268 et

97 3297 224 3356 saoelllus
238 3315 341 3354 nornen
355 3297 409 3355 hoc
421 3290 563 3355 habent'a
577 3296 691 3366 sacello,·
707 3301 737 3352 et
750 3295 775 3354 si
791 3295 909 3373 primam
925 3293 1061 3372 originem
1077 3300 1206 3374 repetere
1272 3342 1275 3348 ,

98 3383 232 3458 velimus,
252 3401 269 3440 a
284 3402 380 3459 socco,
393 3388 425 3440 ut
438 3401 525 3460 supra
537 3382 687 3459 probatum
700 3385 752 3438 est.

184 3468 335 3540 Coronidis
360 3467 423 3526 loco
448 3469 585 3526 addamus
610 3473 640 3524 et
663 3467 717 3525 hoc
743 3461 882 3524 sacellarii
900 3481 1003 3524 nomen
1028 3463 1127 3522 eadem
1146 3463 1205 3524 for·

97 3554 224 3612 matioae
247 3559 277 3610 et
302 3553 418 3612 notione
444 3571 481 3610 ne
508 3550 618 3610 latinis
641 3553 754 3629 quidem
781 3549 910 3626 ignotum
937 3550 1032 3608 fuisse.
1067 3547 1204 3608 ascribam

98 3639 185 3698 verba
200 3638 341 3717 Onuplurii
360 3658 395 3698 ex
415 3637 510 3698 libello
533 3638 569 3696 de
588 3639 733 3715 interpret
755 3635 935 3694 obscurarum
955 3653 1055 3694 vocum
1074 3634 1204 3718 ecclesia·

95 3725 238 3810 sticarnur.
281 3723 453 3798 sacellarius,
478 3724 550 3784 alies
570 3723 752 3796 saccularius,
775 3743 794 3780 a
812 3722 924 3780 saccello
938 3723 1113 3798 pecunarum
1136 3738 1205 3794 quas

95 3812 228 3886 erogabat
238 3809 326 3868 dietus
335 3815 385 3868 etc.
420 3810 492 3868 buac
505 3809 581 3868 bodie
594 3809 776 3868 tberaurarius
789 3811 976 3884 repraesealat.
1002 3807 1080 3864 cuius
1089 3807 1204 3862 muneris

95 3894 323 3959 Bibliotbecurius
336 3890 531 3974 (Anastasius)
545 3913 621 3972 saepe
630 3897 783 3956 arationem
790 3892 874 3970 jacit.
917 3892 1006 3950 elictm
1026 3893 1115 3948 autera
1129 3893 1168 3945 est
1184 3907 1204 3948 a

94 4001 175 4044 saeco
188 3982 373 4052 mandarius,
386 3980 428 4038 ael
443 4001 462 4038 u
479 3981 592 4052 sacello,
606 3979 636 4040 id
649 3986 688 4039 est
697 3998 784 4058 paruo
800 3978 916 4050 sacello,
940 3975 1114 4044 sacellarius,·
1135 3992 1203 4049 proc

96 4085 151 4126 uos
165 4067 240 4144 apud
259 4067 437 4142 Augustiana
453 4051 542 4124 euitat
554 4069 583 4124 ia
604 4067 801 4126 'conmeataa'is
821 4063 997 4122 Psalaorura.
1030 4058 1099 4120 baec
1119 4057 1201 4116 Onu-

96 4152 205 4231 phrius.
247 4153 341 4212 recedi
357 4161 459 4230 nomen
472 4166 524 4228 pro
540 4151 672 4210 thesauro
691 4169 743 4210 seu
756 4149 862 4208 aerario
879 4149 997 4222 usurpat
1016 4161 1128 4220 quoque
1143 4143 1202 4203 Co-

95 4239 197 4317 rippus
211 4237 247 4296 dc
263 4235 409 4298 Laudibus
420 4235 522 4296 lustini
534 4234 654 4315 4‚334;
671 4234 719 4292 ubi
736 4253 819 4313 quera
831 4235 977 4306 memorat,
991 4229 1046 4294 luit
1058 4228 1199 4295 calinicus

95 4324 152 4386 iste
164 4321 337 4404 sacellarius,
350 4321 403 4384 sed
416 4321 537 4402 aulicus,
557 4339 616 4384 nou
632 4320 841 4382 ecclesiasticus.
855 4319 886 4378 S.
908 4316 1063 4394 Gregorius
1076 4314 1200 4390 Magnus
