3016 4906
301 325 376 397 ³56
466 318 674 392 GRETSERI
686 319 742 386 ET
759 317 890 388 GOhRI
904 315 1233 388 COMMENTARIUS

301 493 368 551 dem
383 486 570 570 ίπικομβίοις
590 487 688 546 eodan
712 485 899 545 coronationis
924 485 969 544 die
988 484 1085 564 spargi
1103 483 1193 544 solitis
1217 485 1288 546 haec
1301 487 1396 547 eodem

302 579 373 637 libro
388 578 615 635 Cantacuzenus:
636 566 699 634 ὑπό
715 568 749 634 δὲ
768 567 825 651 τήν
846 564 941 650 αὑτήν
960 567 1077 652 ήμίραν
1096 570 1130 634 ἐν
1151 577 1216 644 τοῖς
1236 573 1396 652 βασιλείοις

301 667 359 726 τοὺ
375 657 475 742 δήμου
494 654 755 738 συνηθροισμένον
770 652 883 730 παντός
906 652 987 736 παρὺ
1009 658 1067 718 τοὺ
1088 649 1185 718 αὑτοῦ
1203 661 1397 736 συγκλητικοῦ

301 753 364 811 τοῖν
377 743 529 829 προτέρων
543 742 605 806 λ’σοι
617 736 639 821 ή
652 742 704 804 καλ
717 742 851 814 πλείονες
865 741 1020 818 βίπτονται
1033 733 1211 818 όπόδεσμοι.
1225 743 1396 820 Curopalata

303 855 333 914 p.
339 827 385 898 ’98
402 853 428 890 v.
442 834 463 894 2
484 831 514 888 in
529 827 672 908 posterum
685 828 759 886 diem
770 827 800 884 id
813 826 916 899 reiicit;
937 845 994 904 quo
1009 826 1055 884 die
1066 826 1096 883 id
1107 827 1191 885 etiam
1205 827 1268 886 fieri
1287 829 1394 887 solitum

300 919 515 976 Cautacuzenus
527 914 623 974 scribit
637 912 655 971 l.
673 916 687 974 1
704 932 728 972 c.
742 910 791 974 41.
819 911 918 970 similia
934 912 992 970 fere
1014 912 1187 989 Curopalatu
1200 917 1299 970 noster
1313 933 1339 983 a
1351 915 1394 977 17.

303 1005 341 1062 de
356 1003 410 1061 hoc
425 1020 502 1060 more
522 999 697 1078 accipiendus
712 1015 824 1073 quoque
838 1003 883 1055 est
895 995 1079 1073 Pachymeres
1092 997 1116 1063 1..
1128 1000 1148 1060 9
1168 1017 1236 1056 suae
1256 997 1395 1074 historiae,

301 1089 352 1147 ubi
374 1087 496 1146 scribens
518 1086 554 1143 de
578 1083 758 1143 coronatione
780 1081 922 1141 Michaelis
942 1081 1103 1160 Polaeologi
1123 1081 1172 1140 filii
1190 1080 1344 1141 Andronici
1355 1102 1395 1140 se

300 1173 403 1250 nioris,
424 1173 615 1252 βιττοῦνται,
635 1169 740 1246 inquit,
759 1167 791 1230 οί
812 1163 956 1248 συνήθεις
970 1161 1144 1247 ὑπόδεσμοι.
1186 1173 1216 1226 et
1238 1168 1344 1227 snrstra
1356 1172 1396 1226 est

300 1258 374 1318 bene
390 1259 427 1316 de
442 1256 556 1314 Graecis
569 1254 684 1313 meritus
704 1255 858 1332 interpres,
876 1252 925 1332 qui
944 1253 1092 1332 sarciendos
1115 1252 1284 1314 odoratorum
1298 1256 1395 1333 florum

301 1348 398 1423 spargi
416 1343 506 1401 solitos
520 1340 637 1400 coniicit.

371 1455 435 1509 ibid.
473 1457 537 1508 haec
565 1447 726 1522 λπικόμβια,
755 1450 827 1536 regia
862 1449 968 1505 donaria
1001 1465 1111 1504 coronae
1147 1455 1285 1520 susceptae
1315 1450 1395 1519 grstia

302 1541 406 1594 sparsa,
422 1525 534 1592 reperies
550 1521 618 1591 apud
636 1521 688 1574 anti
706 1537 753 1572 uos
774 1518 908 1580 υπατείας
933 1537 996 1573 voca
1018 1519 1171 1587 significata.
1196 1519 1396 1590 dictosuggerit

303 1597 476 1676 argumentum
494 1591 625 1644 Cedrenus
646 1590 672 1642 in
688 1539 838 1641 iustinianor
868 1585 1003 1658 βασιλεύει
1022 1581 1091 1641 dcciv
1114 1584 1163 1656 με’,
1188 1585 1237 1640 καί
1260 1605 1395 1657 μονοκρα·

302 1678 390 1728 τησας
405 1658 528 1714 δέδοικεν
543 1655 678 1712 ὑπατείαν
695 1652 764 1726 όσην
781 1653 874 1718 οὑδείς
890 1653 1024 1727 βασιλέων
1041 1653 1157 1710 δέδυκε.
1180 1657 1353 1727 Theophanes
1370 1658 1394 1710 in

302 1729 410 1782 Tiberio
427 1725 540 1796 ἔρριψεν
558 1723 694 1780 ὑπατείαν
718 1723 833 1794 πολλήν.
857 1726 884 1778 iu
908 1726 1088 1795 copronymus
1110 1726 1260 1794 προῆλθον
1282 1727 1395 1795 βασιλεῖς

302 1793 446 1866 ῥίπτοντες
466 1793 603 1850 ὑπατείαν
624 1795 756 1864 τριμίσεια
779 1793 828 1849 καί
850 1794 967 1863 σιμίσεια
989 1793 1039 1850 καί
1060 1795 1214 1863 νομίσματα
1232 1792 1394 1862 καιυοὺρχια

302 1868 356 1930 ἕως
371 1869 420 1936 τής
435 1863 553 1936 μεχοίλης
567 1859 718 1933 ἐκκλησίας.
737 1864 881 1918 Simocatta
896 1865 913 1918 8
931 1866 964 1916 10
981 1864 1013 1917 de
1028 1863 1115 1916 Phooa
1125 1863 1150 1916 in
1162 1862 1298 1918 Hebdomo
1309 1880 1394 1916 recens

303 1945 443 1991 coronatos
467 1938 503 2005 τῇ
524 1929 550 1988 δ’
566 1929 697 2006 ὑστεραίᾳ
714 1925 880 2003 ίπιβατήρια
901 1933 958 1985 τοῖν
974 1928 1122 2000 σκήπτρων
1139 1936 1199 1994 τοῖς
1215 1928 1394 2001 στρατεύμασι

301 2007 380 2070 δῶρα
397 2005 552 2072 παρείχετο.
569 2003 622 2054 Leo
640 2002 829 2056 Grammaticus
852 2003 894 2054 rel
918 2001 983 2054 alius
1003 2002 1087 2070 quivis
1110 2000 1136 2054 in
1156 2002 1275 2054 hnmanio
1298 2002 1393 2054 Leones

304 2069 419 2142 Μιχαὴλ
439 2069 454 2124 ό
467 2065 597 2154 βασιλεὺς
614 2072 657 2140 τῷ
677 2066 777 2139 πρώτῳ
801 2067 855 2123 ἔτει
879 2070 930 2139 τῆς
953 2069 1092 2140 βασιλείας
1112 2065 1200 2124 αὑτοῦ
1218 2067 1333 2138 ἔστεψεν
1348 2065 1395 2125 τόν

302 2138 368 2195 ulio
391 2136 479 2194 αὑτου
506 2135 719 2206 Θεοφὺλακτον,
742 2135 782 2198 είς
804 2135 855 2200 τοίς
879 2156 909 2192 τε
931 2130 1029 2204 ὑορτὺς
1056 2135 1250 2208 προελθούσης
1272 2137 1322 2192 καί
1349 2139 1395 2207 eric

303 2205 436 2278 γυναικός
460 2202 548 2262 αὑτοῦ
569 2209 732 2275 Προκοπίας
753 2201 823 2275 μεταλ
845 2202 929 2274 δόξης
952 2207 1070 2275 πολλῆς,
1098 2207 1145 2262 καί
1171 2207 1394 2275 παρασταθείοης

304 2277 463 2347 ἔμπροσθεν
478 2277 530 2330 τοῦ
545 2276 761 2345 θυσιαστηρίου,
777 2273 826 2328 καί
843 2271 955 2346 ίδοόσης
978 2273 1112 2345 στὲνιμον
1135 2277 1187 2330 τοῦ
1209 2273 1276 2330 olori
1302 2271 1393 2344 αὑτῆς,

303 2345 354 2432 καί
369 2345 522 2432 πμιησοίσης
537 2340 627 2429 χαρὰν
642 2342 779 2466 μεχοίληνχ
794 2341 843 2430 καί
859 2342 1037 2414 διανειμοίσης
1051 2341 1300 2429 χρήματαιπολλοί·
1324 2340 1392 2428 αὕτη

301 2413 1393 2552 λλλιλόόὺἔλλῗλλαιῗλνλλέεόλλίαὺλλῖἴιλς“ῃὲλὲῗ“λῗλλόῖἓλῗιλῖ

300 2555 369 2608 bium
387 2561 435 2606 est.
455 2559 549 2622 quanto
572 2554 659 2619 fastu,
680 2551 915 2618 acclamationibus,
938 2551 1124 2619 munificentia,
1148 2553 1275 2606 donativis
1295 2569 1391 2606 κοινοτ-

301 2618 355 2678 νόν
370 2625 426 2676 τῶν
442 2614 544 2674 ἑαυτοῦ
559 2622 712 2690 θησαυρῶν
729 2616 761 2675 τό
778 2616 906 2688 ὑπήκοον
920 2616 1039 2690 ποιήσας
1054 2620 1193 2677 Mauricius
1215 2621 1317 2693 inierit,
1334 2638 1392 2676 vet-

301 2692 343 2748 bis
359 2708 475 2762 pompam
489 2690 657 2760 aequantibus
671 2697 789 2744 recenset
804 2689 948 2743 simocatta
963 2694 977 2746 1
997 2692 1038 2744 tt.

370 2793 405 2846 ib.
424 2809 450 2844 v.
470 2793 503 2846 14
525 2785 571 2845 ἐπί
587 2789 755 2856 σκουταρίου
772 2789 933 2860 καθεσθείς]
949 2791 1065 2845 sedentes
1080 2791 1106 2845 iu
1130 2792 1222 2863 clypeo
1244 2809 1292 2862 per
1311 2795 1390 2846 castre

300 2859 467 2914 circumferre
481 2877 571 2912 recens
589 2860 759 2929 proclamatos
775 2860 942 2930 imperatores
963 2868 1150 2914 consueverunt
1166 2861 1263 2930 antiqui
1278 2860 1390 2915 Romani.

300 2929 418 2983 Zonaras
439 2929 466 2981 in
489 2928 641 2982 Iustinianoa
661 2923 801 2982 ‘Troirooo
825 2925 871 2983 ἐπί
885 2925 1003 2990 ἅσπίδος
1025 2927 1173 2999 μετάρσιον
1190 2926 1310 2997 ἄραντες
1324 2925 1389 2983 oiva-

299 2994 446 3066 χορεύουσι
467 2993 589 3068 βασιλέα.
622 2998 794 3119 Theophanes
819 2999 845 3051 in
870 2997 1005 3052 Mauricio:
1039 2993 1089 3052 τόν
1114 2993 1262 3068 Γερμανὺν
1289 2995 1391 3052 ἄκοντα
1484 3005 1485 3010 ’

237 3103 241 3122 .
299 3059 456 3132 στρατηγὸν
477 3061 667 3133 ἀνηγόρευσαν
711 3064 742 3117 πί
762 3061 880 3129 ἀσπίδος
901 3063 1070 3135 ὑνοίσαντες.
1097 3067 1206 3122 ibidama
1231 3061 1269 3121 roi
1297 3065 1390 3136 πλήθη

300 3130 545 3201 συναθροισθέντα
564 3130 770 3204 προβάλλονται
787 3131 903 3205 ἔξαρχον
919 3137 1020 3190 Φωκοῖν
1037 3131 1086 3192 τόν
1102 3132 1268 3207 κένταρχον,
1284 3135 1333 3190 καί
1348 3128 1391 3189 tul

299 3198 406 3266 ἀσπίδα
434 3204 536 3256 τοῦτον
558 3199 718 3272 ὑψόσαντες
746 3198 910 3272 εὐφήμησαν
934 3200 1060 3274 ἔξαρχον.
1097 3205 1184 3260 eadem
1216 3223 1284 3276 pene
1314 3206 1391 3258 verbu

300 3271 391 3326 scribit
407 3270 549 3326 simocatta
563 3275 579 3327 8
599 3275 629 3337 7,
649 3263 851 3342 ίτατόνταρχον
866 3280 950 3326 tameo
964 3273 1102 3327 correctius
1120 3281 1196 3330 vocat
1213 3292 1287 3344 quern
1305 3275 1391 3328 Theo-

299 3339 399 3410 phanes
417 3338 576 3411 κίνεαρχον.
594 3343 759 3410 Gregoras3
778 3346 806 3398 1:
822 3337 877 3411 ολνη
895 3337 1005 3409 ορεόετο
1022 3337 1049 3395 δ’
1064 3336 1179 3410 ὕστερον
1194 3361 1234 3396 πα
1249 3338 1259 3360 ’
1272 3337 1390 3398 ἑκόντων

297 3409 355 3460 τόν
379 3402 511 3476 ὑπηκόων
533 3405 685 3477 ὑπόντων,
705 3409 856 3472 καθεσθείς
878 3361 920 3463 iol
944 3406 1062 3472 doridos
1082 3407 1156 3466 aurci
1179 3409 1212 3465 τό
1234 3362 1266 3466 ἓν
1284 3409 1390 3473 τοότοις

298 3470 467 3544 ἐπικρατοῦν
479 3475 554 3539 ἔθος.
573 3480 631 3532 Lib.
647 3481 665 3533 4
680 3497 703 3533 s.
723 3483 754 3533 lr
771 3473 818 3532 ίπλ
833 3479 883 3547 τῆς
896 3474 1013 3542 οἰσπίδος
1036 3474 1164 3534 ἐνταῦθα
1180 3479 1245 3548 περί
1261 3475 1314 3548 τήν
1328 3482 1390 3533 Μυ·

297 3543 723 3686 turrecrematae
736 3542 998 3689 terrester
1009 3543 1391 3674 deterruisset

296 3685 401 3738 confert
419 3686 567 3740 Gretserus.

191 3807 281 3864 p255
383 3789 471 3848 Porro
501 3791 571 3849 haec
603 3809 677 3867 quae
705 3790 735 3848 in
772 3808 852 3867 seqq.
891 3792 1082 3869 continentur,
1119 3795 1231 3854 videtur
1264 3793 1391 3853 Codiaus

298 3893 333 3933 ex
360 3876 558 3935 Cantacuzeno
583 3876 774 3953 descripsisse:
803 3878 900 3936 eadem
923 3878 997 3937 enim
1017 3897 1107 3957 prope
1132 3879 1269 3938 verbatim
1295 3878 1392 3938 scribit

298 3960 512 4020 Cantacnzenus
526 3963 543 4024 1
560 3957 609 4023 41.
640 3961 779 4039 posterior
791 3967 884 4020 autera
898 3963 1096 4023 Cantacuzeno
1109 3965 1238 4024 Codinns
1251 3965 1315 4042 luit,
1328 3985 1390 4023 cum

297 4043 487 4105 Cantacuzeni
511 4047 658 4121 aliquoties
679 4047 848 4106 mentionem
866 4048 965 4126 ludat,
992 4069 1050 4108 non
1074 4056 1107 4108 ut
1126 4051 1270 4110 coaetanei
1287 4052 1339 4109 sed
1357 4056 1390 4110 ut

296 4133 423 4206 ternpore
442 4132 556 4209 prioris3
578 4138 715 4208 notatque
734 4129 879 4194 Pantanus
903 4140 1000 4193 noster
1025 4136 1055 4192 in
1074 4136 1150 4194 notis
1170 4139 1207 4195 ad
1230 4155 1254 4194 a
1272 4133 1310 4198 ll
1333 4133 1387 4197 l.1

297 4210 428 4272 historiae
442 4217 630 4277 Cantacuzeni
644 4217 784 4276 Codicum
798 4218 897 4276 vixisse
910 4219 962 4278 sub
978 4220 1108 4280 Manuele
1127 4218 1282 4281 Andronici
1299 4220 1390 4278 iunio·

295 4297 333 4352 ris
347 4305 467 4377 nepotc,
488 4303 536 4378 qui
550 4303 785 4384 antepenultimas
799 4303 952 4385 imperator
970 4325 1005 4366 ex
1023 4307 1181 4388 Cpolitanis
1198 4307 1270 4386 suit,
1288 4305 1390 4366 Turris
