3016 4906
471 322 909 397 trimembrem
1165 327 1240 401 36³

150 507 173 546 c
188 485 224 550 5:
244 492 338 566 regino
351 489 458 552 donavit
471 491 536 550 duci
547 494 668 551 remittor
677 491 821 571 plurimos,
841 496 884 552 ito
902 497 934 551 ut
956 511 1041 552 ονοοεε
1062 445 1241 571 militessuoh

148 575 255 632 vestiret
265 578 389 634 sarnittis.
430 576 494 634 vide
508 574 682 638 Glossarium
696 576 972 639 Graeco-barbarum
1002 577 1107 656 Tyrius
1130 580 1171 646 18
1184 583 1245 647 27:

148 665 266 718 monuo
275 667 421 738 coopertum
434 661 573 722 altissimo.

217 787 243 841 p.
254 773 289 826 9³
305 789 333 828 r.
347 774 389 828 14.
405 769 421 827 ὃ
438 767 519 842 λόγος
535 773 667 842 ζητεῖται]
686 773 783 827 audebo
799 773 906 843 dubius,
923 773 946 828 si
970 791 1020 828 non
1040 778 1141 840 οοηοε,
1163 775 1245 828 ratio-

148 855 206 891 nem
222 843 347 924 proferre.
365 845 431 895 torte
446 847 477 926 pt
500 843 625 910 qnondam
648 842 803 914 principibus
826 844 978 914 triumphum
1003 844 1138 927 agentibus
1160 843 1244 927 (quod

148 909 1244 1052 {ttltttltrtttttttt‘tttttttltztttillttrttttfftttz

148 1061 214 1097 mum
231 1046 321 1100 sericis
336 1049 385 1101 ibis
398 1047 538 1118 panniculis
560 1049 634 1102 elatis
649 1049 675 1102 in
692 1050 797 1102 sublime
820 1067 914 1102 morem
938 1051 1067 1118 antiquum
1090 1065 1171 1102 nouus
1195 1049 1246 1101 iste

148 1115 246 1167 referre
260 1116 399 1170 videretur.
422 1135 470 1170 nec
486 1119 532 1170 abs
550 1135 579 1170 re
595 1116 644 1170 (lici
661 1125 747 1190 potest
764 1123 892 1174 cantorum
909 1119 1103 1173 domesticorum
1121 1123 1148 1170 et
1163 1116 1245 1169 lecto·

148 1198 205 1234 rum
222 1184 312 1237 choros
327 1186 390 1238 risis
406 1184 433 1238 in
450 1187 516 1240 atrio
534 1186 652 1240 militibus
679 1204 725 1256 per
746 1187 864 1240 cohortes
888 1186 977 1240 divisis
1002 1203 1049 1240 sua
1073 1186 1144 1271 signa
1168 1202 1246 1254 prae·

148 1251 289 1305 ferentibus
306 1251 433 1321 (ἕκαστος
454 1249 507 1323 γὰρ
524 1254 579 1308 τοῖν
604 1252 770 1324 μεγιστάνων
785 1250 854 1325 μετὰ
877 1256 927 1322 τῆς
943 1253 1048 1317 οἰκείας
1063 1255 1166 1319 ταξεως
1181 1254 1242 1306 διοι-

150 1318 247 1383 operto
265 1315 501 1392 ipsosdpsooc„ut
516 1323 576 1378 alibi
592 1341 624 1376 ex
641 1323 736 1377 Niceta
754 1326 781 1377 in
805 1323 899 1377 Ioanne
916 1324 1071 1389 rettulimus)
1089 1323 1159 1406 ipsos
1176 1337 1243 1392 quo-

150 1404 201 1456 que
216 1396 271 1443 tres
289 1399 440 1445 memoratas
464 1393 567 1460 hastas,
587 1407 635 1462 pro
661 1393 740 1444 ternis
763 1393 977 1475 protopsaltarnm
1000 1393 1194 1445 domesticorum
1214 1395 1244 1442 et

150 1457 272 1512 lectorum
288 1460 394 1525 turmis,
411 1479 443 1514 ex
460 1468 518 1514 utra
536 1478 569 1514 ue
584 1461 641 1514 τῶν
662 1465 788 1528 προνοῶν
807 1479 879 1530 acre,
895 1470 925 1515 ut
941 1462 972 1515 ad
991 1461 1102 1530 singulas
1122 1461 1192 1512 velut
1209 1459 1243 1512 ad

149 1527 278 1596 proprium
294 1531 392 1598 signnm
409 1545 438 1584 se
453 1479 546 1598 singnii
562 1529 718 1599 reciperent,
737 1531 779 1584 vel
799 1537 869 1583 certe
886 1529 919 1583 ad
942 1531 1021 1584 solam
1038 1530 1243 1594 ostentationem,

47 1611 51 1622 ¹
150 1612 267 1663 promere
283 1599 404 1657 voluisse.
421 1599 552 1652 candidum
573 1615 636 1651 vero
661 1600 814 1668 rubrumque
838 1599 938 1653 colores
961 1599 1092 1654 ecclesiam
1118 1597 1184 1654 velut
1208 1595 1242 1650 ad

150 1680 180 1717 se
194 1670 343 1737 spectantes
357 1667 404 1721 sibi
421 1667 563 1721 vmuioaase
579 1666 688 1719 diximus
706 1667 733 1720 iu
748 1668 928 1740 superioribus.

233 1771 270 1828 ih.
291 1789 317 1828 v.
341 1770 389 1836 15.
410 1773 499 1830 codes
512 1770 616 1831 Lauth.
631 1792 685 1851 pro
699 1777 811 1850 σεμνοῦ
826 1767 936 1850 ὕμνον.
977 1777 1067 1830 nectes
1088 1790 1146 1830 eum
1167 1771 1245 1849 lym-

150 1870 200 1910 nus
212 1854 370 1932 inchoatur,
392 1855 520 1915 videlicet
544 1875 562 1915 a
585 1855 762 1934 cantoribus,
784 1857 832 1932 qui
856 1857 997 1914 decantari
1016 1856 1089 1915 solet
1102 1857 1130 1914 in
1143 1875 1248 1933 magno

150 1937 293 2017 ingressu,
313 1940 367 1998 hoc
388 1946 433 1999 est
452 1941 481 2000 in
504 1943 709 2021 supplicatione
730 1962 781 2000 seu
794 1941 902 2000 solenni
914 1942 1111 2020 processione,
1131 1941 1161 1998 in
1182 1959 1249 2016 qua,

150 2021 223 2083 lecto
237 2024 462 2104 iamevangelio,
482 2026 672 2087 circumfertur
686 2045 736 2105 per
749 2026 883 2105 templum
900 2028 1018 2085 materia
1037 2026 1124 2084 futuri
1144 2026 1249 2084 sacrifi-

151 2107 202 2184 cii,
223 2109 307 2170 ducto
321 2111 400 2170 initio
413 2131 431 2169 a
444 2113 584 2191 prothesi,
606 2115 644 2171 ad
658 2112 762 2189 altare,
790 2113 827 2171 in·
842 2129 899 2188 quo
913 2111 1075 2170 socrificium
1088 2109 1250 2169 immolaba-

151 2197 206 2251 tur.
249 2195 286 2254 de
309 2213 366 2272 qna
387 2197 565 2275 processione
582 2197 693 2276 legatur
705 2197 837 2257 Cabasila
852 2197 883 2255 in
896 2195 1022 2276 Exposit.
1037 2195 1142 2255 Missae
1159 2215 1183 2256 c.
1198 2192 1250 2258 24.

220 2305 283 2359 ibid.
318 2308 412 2380 duplex
430 2311 538 2374 εἴσοδος
553 2313 677 2366 introitus
694 2311 721 2364 in
743 2310 862 2378 liturgia,
904 2325 988 2380 arvus,
1006 2314 1033 2360 et
1057 2325 1172 2377 magnus.
1192 2308 1250 2378 pri·

152 2389 207 2427 snus
224 2376 367 2431 inducendo
384 2379 417 2432 ad
436 2380 517 2432 altare
533 2381 739 2449 evangeliorum,
756 2385 816 2432 ante
832 2327 967 2430 lecthnem
985 2393 1088 2442 eorum,
1106 2377 1189 2442 libro,
1205 2394 1248 2428 se-

153 2445 251 2497 cundus
267 2446 433 2514 deportandis
458 2447 492 2501 ad
508 2448 574 2502 idem
594 2452 676 2502 altere
697 2449 778 2502 sacris
801 2447 893 2508 donis,
919 2461 985 2516 pane
1002 2444 1115 2498 nimirum
1138 2455 1166 2497 et
1182 2446 1251 2509 vino,

153 2512 294 2567 destinatus
311 2523 367 2583 est,
383 2518 467 2588 fitque
483 2533 516 2572 ea
531 2519 622 2574 missae
637 2522 728 2589 parte,
746 2533 813 2587 qnae
830 2514 903 2570 nobis
922 2514 1055 2583 evangelio
1072 2514 1140 2566 lecta
1158 2513 1251 2568 dieitur

153 2600 168 2634 ο
191 2584 321 2640 ertorr'urn.
727 2624 729 2634 ,

163 2585 194 2652 ff
221 2652 284 2706 ibid.
317 2647 420 2725 ὕμνον]
437 2656 545 2725 hymnus
560 2655 604 2708 ille
622 2651 781 2708 cherubicum
803 2657 860 2716 est,
883 2651 1043 2722 offertorium
1069 2665 1157 2701 rursus
1176 2648 1251 2701 Lati-

152 2718 368 2791 annotandum,
385 2725 451 2794 quod
469 2726 526 2779 dum
544 2723 646 2778 oblatae
663 2722 860 2777 deferunturad
884 2727 980 2785 attare,
997 2723 1131 2786 cantetur,
1149 2718 1250 2787 dequo

153 2788 278 2856 Abstine,
294 2793 434 2855 Arcadius,
451 2794 554 2862 liturgia
570 2791 749 2864 chrysostomi
762 2797 791 2844 et
805 2791 1001 2859 Euchologium.

222 2877 259 2929 it.
278 2894 303 2930 r.
315 2882 356 2933 18.
373 2873 523 2948 πρόθεσιν]
545 2879 626 2932 altare
649 2880 823 2941 (tusscorum,
844 2869 926 2945 ἅγιον
969 2876 1028 2943 ripa
1050 2871 1128 2941 vulgo
1145 2872 1249 2936 dictum,

154 2959 172 2996 a
191 2943 289 3014 reliquo
313 2948 407 3017 templo
428 2955 550 3019 separent
572 2947 705 3016 ulyatrrlee
723 2946 834 2999 cancelli
856 2947 900 2999 rel
924 2952 1000 2998 stram
1021 2941 1103 2998 solida
1124 2941 1249 3001 tabulata,

154 3023 232 3133 piropp
246 3015 273 3066 in
292 3017 405 3100 ecclesiis
427 3018 521 3072 nostris
543 3016 595 3101 alia
617 3021 692 3085 septa
713 3031 842 3136 sacropppm
859 3015 970 3136 ripoprm
988 3013 1091 3134 stiporunr
1103 3026 1144 3132 ὦ
1155 3010 1249 3130 poppllp

155 3091 449 3221 mhhiffiahhffuhthhhas
458 3093 839 3210 lhhhtrihuhnmihhhgfrhiediahs
855 3090 1129 3221 h‘hshagiprnoedihuont
1141 3096 1251 3213 hilum:

154 3213 238 3285 ciple,-
250 3219 351 3290 πύλας,
375 3221 457 3293 ἁγίοις
478 3219 572 3290 θύρας
595 3230 646 3280 etc.
668 3221 849 3276 elateralibus
865 3223 1013 3287 dexteram,
1030 3216 1072 3270 ubi
1090 3212 1253 3271 ὃνοικονικόν
1316 3274 1321 3286 ,

157 3295 211 3370 est,
229 3284 323 3342 νότιον
338 3287 438 3358 μέρος,
461 3293 588 3346 sinistram
606 3287 718 3362 βόρειον
742 3290 841 3371 μέρος,
858 3307 905 3371 nep
920 3303 971 3340 non
996 3285 1133 3353 πρόθεσιν
1151 3290 1252 3338 vocant.

156 3357 290 3421 προθεοις
306 3359 405 3413 demum
423 3377 509 3414 mensa
524 3369 565 3414 est
579 3361 623 3414 ubi
640 3376 714 3414 sacra
730 3359 799 3410 dona
814 3374 842 3409 rn
865 3373 942 3410 mussa
963 3354 1139 3408 comecranda
1155 3352 1251 3421 προτί-

155 3426 256 3478 θενται
279 3430 364 3496 primo
385 3438 582 3498 proponuntur,
608 3433 635 3482 et
656 3435 717 3480 ante
738 3427 831 3480 missae
854 3424 1004 3496 principium
1027 3441 1043 3478 a
1067 3423 1203 3476 sacerdote
1225 3425 1255 3472 et

155 3493 262 3625 ‘3223
276 3504 430 3620 pffipprata
447 3497 480 3550 ad
498 3497 657 3550 offertorium
673 3511 755 3565 usque
770 3503 935 3565 reponuntur.
952 3493 1011 3548 hino
1026 3491 1054 3547 ei
1070 3508 1171 3562 quoque
1183 3507 1253 3558 προ-

226 3650 289 3703 a'hs'cl.
323 3645 360 3703 roi
376 3645 453 3719 clytos]
469 3649 582 3720 intellige
597 3647 695 3718 δῶρον,
712 3663 803 3718 panem
820 3650 847 3701 et
862 3646 957 3702 rmum.

225 3734 260 3788 ih.
277 3753 303 3789 v.
316 3737 359 3790 19.
376 3730 502 3804 μανδύοις
524 3735 626 3806 reglum
642 3735 755 3803 pallium
779 3737 832 3799 est,
857 3737 885 3786 et
906 3733 929 3786 si
951 3730 1033 3786 mavis
1053 3731 1184 3796 obtempes
1204 3725 1255 3781 nisi

158 3801 226 3871 quod
251 3804 364 3873 chlamys
387 3805 507 3872 brevior,
533 3813 560 3856 et
583 3804 686 3856 humero
710 3803 801 3855 dextro
831 3801 911 3855 fibula
939 3801 982 3853 vel
1005 3799 1072 3852 nodo
1100 3803 1254 3865 necteretur,

158 3871 279 3954 mandyas
296 3873 412 3940 longior,
429 3873 462 3926 ad
479 3879 570 3956 pectus
588 3871 696 3956 collique
712 3872 823 3955 radipem
846 3869 1006 3953 aatpriorem:
1026 3874 1101 3950 totns
1123 3865 1255 3933 Phrygio-

159 3957 199 3994 ms
215 3959 294 4010 opera
310 3942 387 3994 ramis
404 3942 555 4011 circuhsque
571 3958 672 4009 aureus,
688 3941 717 3995 in
733 3942 825 4012 qurbus
841 3940 941 4010 aquilae
957 3939 1075 4007 brorprtes
1089 3935 1177 3990 eodem
1189 3951 1254 3990 auro

159 4011 356 4076 extuberantes,
375 4011 490 4082 depictus
508 4017 556 4063 est
1272 4067 1277 4084 Ι

227 4096 263 4150 lb.
283 4113 308 4148 v.
319 4098 363 4152 20.
381 4089 430 4148 οόν
446 4092 576 4165 σταυρόν]
592 4095 691 4164 virgam
707 4093 822 4150 nimirum
839 4109 957 4160 auream,
979 4093 1007 4147 in
1023 4091 1094 4145 cuius
1112 4087 1254 4144 summitate

161 4179 223 4218 crux
239 4181 317 4218 aurea
333 4163 443 4234 gemmis
455 4173 559 4228 ornata,
580 4165 658 4233 vulgo
675 4164 846 4230 δινονίνιονς
863 4162 961 4233 dequo
980 4160 1105 4234 superius.

228 4250 263 4303 s‘t.
279 4269 305 4302 r.
317 4253 360 4305 22.
377 4244 524 4331 νάρθηκα]
538 4250 670 4318 feralem,
695 4249 797 4316 virgam
817 4247 957 4320 leviorem,
980 4264 1055 4322 qnam
1071 4251 1194 4303 memorat
1210 4243 1255 4299 Si·

161 4331 236 4374 neon
250 4319 487 4376 Thessslomccnsrr
502 4335 527 4375 ο.
543 4323 561 4378 6
576 4324 639 4376 nota
654 4319 689 4376 44
705 4319 812 4377 rouen.
