2958 4918
429 254 876 388 mooouumnu„
1060 367 1061 370 γ
1162 305 1275 402 187¹

138 459 280 548 iplccpocc
296 458 421 536 ἡγεμόνα
436 463 490 520 τοῦ
504 459 640 536 πολέμου,
668 461 803 522 διάκονον
827 465 878 538 τῆς
892 461 1013 538 μεησίλης
1029 460 1172 536 ἐκκλησίας
1187 465 1236 522 καλ

137 535 268 602 λογιστην
289 536 345 586 τῶν
372 531 468 603 φόρων
508 531 543 590 δν
567 529 683 590 Γενικόν
705 537 845 590 καλοῦσιν.
882 537 1015 590 cedrenus
1038 552 1088 606 quo
1108 556 1139 589 ue
1156 537 1238 590 Nice·

138 603 246 672 phorum
272 605 436 672 exgenicum,
464 599 521 659 απὸ
539 605 665 674 pecorosi,
692 606 734 658 vel
750 611 779 659 ut
796 605 885 665 scribit
901 603 1072 676 europalates
1089 602 1146 659 απὸ
1164 623 1235 674 ηενι-

6 678 10 692 “
77 683 81 696 ·
137 672 210 738 κῶν,
239 671 416 741 imperatorem
432 674 528 738 sactnm
544 680 656 728 testatur
671 673 698 726 in
715 674 838 728 historiae
851 673 953 735 xlimine:
983 675 1041 728 binc
1063 675 1120 744 ipse
1139 673 1237 728 audivit

138 735 247 810 γενικὰς
276 738 444 810 λογοδέτης,
473 743 572 812 qualern
596 743 756 797 Theodotum
792 761 875 813 ucque
891 743 1072 812 iniquissimum
1088 745 1236 796 monachum

136 809 255 878 reperies
277 811 345 880 apud
365 811 548 880 Theophanem
572 817 599 866 et
618 811 763 866 cedrenum
785 829 813 866 ιο
835 812 976 866 lustinlano
1002 813 1153 882 posteriore.
1186 813 1237 866 iam

139 895 191 946 quo
210 885 311 930 constet
327 880 482 948 logothetam
500 881 567 934 huuc
584 897 599 932 a
617 881 767 936 cancellario
784 881 862 950 longe
885 881 1028 944 diversum,
1056 897 1104 944 uec
1119 882 1173 934 eius
1190 885 1238 935 aut

138 946 227 1000 similis
243 947 345 1002 alterius
362 965 466 1003 munere
483 951 564 1004 fuisse
577 950 743 1018 implicitum,
769 951 816 1004 sed
838 965 958 1004 summam
982 949 1075 1002 aerarii
1091 952 1239 1020 praefectu-

140 1033 196 1069 ram
211 1017 339 1084 gessisse,
368 1020 478 1072 observo
495 1014 579 1088 λόγον
595 1027 754 1087 σοπμνλαπ,
781 1020 941 1084 ratiocinio,
967 1020 1110 1086 cetiomm,
1131 1022 1202 1086 fisco

140 1085 340 1221 idisti:
355 1087 539 1209 titichi
555 1087 759 1209 ‘isitii‘
774 1087 1219 1210 Titithhihmtith‘

141 1219 235 1290 peimi
258 1173 500 1291 οίποστόλοινῗμτδ
525 1220 642 1278 ἔκπαλαι
666 1174 816 1294 τελοόδόνα
837 1222 962 1278 τάλαντα
983 1174 1046 1290 edict
1073 1173 1241 1296 istomodo

141 1290 265 1360 δημοσίῳ
281 1289 352 1360 λόγῳ
371 1295 510 1346 τελεῖσθαι
525 1290 711 1362 προσέταξεν,
734 1295 840 1364 publico
856 1295 961 1348 amacio
975 1295 1070 1364 paridi,
1099 1296 1128 1347 ι’νι
1143 1297 1241 1362 fiscum

142 1361 255 1427 referri,
282 1362 392 1428 puhlicis
409 1363 553 1416 rationibus
577 1363 706 1418 accerseri
728 1365 812 1417 iussit.
846 1357 1015 1433 λοηοθέτης,
1039 1357 1096 1416 ἀπό
1119 1364 1171 1415 νοῶ
1195 1360 1242 1418 λό-

142 1446 211 1498 γον,
241 1429 356 1496 publicas
383 1433 495 1485 rationes
524 1432 666 1502 componit,
698 1448 749 1502 quo
772 1437 848 1503 pacto
871 1431 984 1500 Cyrillus
1005 1428 1190 1500 τελωνοίρχαις
1214 1439 1243 1485 et

140 1495 1243 1624 sitistis?cltltihtfflllhi'institutit'illiti

142 1605 228 1706 rapair
245 1643 272 1687 et
286 1637 388 1705 iniquus
404 1639 535 1706 logotheta
552 1638 703 1692 Theodotus
722 1639 875 1692 describitur
891 1655 907 1693 a
925 1587 1097 1708 insapiens,
1121 1634 1244 1701 irrisorie

142 1704 289 1767 πλείστους
304 1707 355 1773 τῆς
371 1708 511 1769 πολιτείας
527 1701 666 1776 ἄρχοντας
681 1705 730 1760 καί
746 1701 879 1776 ἐμφανεῖς
904 1701 1026 1775 ἄνδρας,
1056 1702 1107 1762 ocis
1130 1703 1161 1760 ἐκ
1186 1709 1242 1762 τῶν
1337 1747 1338 1752 ¹

143 1773 294 1842 διοικητῶν
310 1771 405 1842 μόναν
421 1771 491 1830 ἀλλὰ
508 1772 538 1828 ίκ
554 1777 610 1829 τῶν
625 1777 675 1844 τῆς
690 1771 796 1838 πόλεως
819 1771 989 1844 οἰκητόρων,
999 1773 1072 1847 ἐίκῇ
1086 1773 1134 1830 καὶ
1151 1772 1242 1846 μόνην

143 1838 359 1908 ἀπροφασίστως
375 1840 536 1914 ἀπαιτήσεις
546 1842 600 1898 καί
616 1838 731 1913 ίκταηοὶς
746 1844 794 1899 καλ
804 1841 947 1914 δημεύσεις
956 1842 1134 1913 ποιούμενοςι
1152 1864 1171 1899 c
1199 1849 1241 1898 hr-

142 1912 218 1966 cibus
234 1914 393 1981 reipublicae
402 1907 556 1983 'proceribus
574 1915 768 1982 illustribusque
784 1915 866 1978 ciris,
890 1931 944 1966 non
962 1916 1007 1982 qui
1024 1931 1105 1984 agros
1122 1932 1163 1971 οιο
1183 1935 1197 1969 ο
1216 1921 1242 1970 ολ

143 1998 210 2034 cura
233 1983 278 2034 sed
297 1991 324 2034 et
339 1985 384 2052 qui
399 1985 567 2054 praecipuam
582 1984 685 2052 imperii
702 1985 834 2037 civitatem
853 1985 1006 2052 incolerent,
1027 1985 1128 2038 indicta
1150 2002 1241 2052 ccccc,

143 2049 218 2103 nullo
230 2051 369 2119 demerito,
387 2055 482 2122 absqcc
493 2054 605 2106 rationis
613 2060 752 2123 praetextu
761 2053 884 2122 pecu-nico
901 2052 1019 2122 exigere,
1036 2055 1134 2106 multas
1145 2057 1182 2107 eis
1193 2056 1243 2106 im-

141 2137 253 2190 ponere,
274 2121 340 2173 hccc
356 2123 491 2190 publicata
506 2139 607 2190 cepere.
641 2121 709 2193 apud
728 2121 834 2175 eundem
853 2122 1025 2192 Nicephorum
1042 2123 1142 2174 Phocas
1158 2123 1246 2176 avari·

144 2190 199 2242 tine
216 2191 400 2260 rapacitatique
418 2192 518 2245 deditus
535 2191 674 2261 imperator
693 2184 816 2245 ἐκέλευσε
834 2187 946 2260 Nescisse
969 2191 1104 2262 πατρικίςο
1130 2188 1179 2244 καί
1201 2209 1245 2259 γε·

144 2258 216 2328 νικῶ
234 2256 372 2330 λοηοθέτη
389 2255 424 2312 cri
447 2256 568 2328 δημόσια
584 2255 654 2327 τέλη
664 2260 715 2326 τῆς
731 2253 872 2328 ἐκκλησίας
887 2259 935 2312 καλ
958 2259 1151 2328 μοναστηρίων
1175 2255 1245 2312 ἅνα-

147 2323 271 2398 βιβόσαι.
306 2330 372 2381 alius
397 2329 559 2397 Nicephorus
583 2329 639 2398 ipae
663 2327 809 2394 logotheta,
832 2329 962 2381 referente
980 2328 1137 2398 curopalate
1154 2329 1186 2381 ad
1204 2329 1244 2381 hi-

146 2397 245 2448 storiae
266 2397 375 2462 calcem,
400 2397 538 2468 inquiritur
556 2397 589 2448 ab
615 2395 768 2449 adversariis
791 2393 855 2464 περὶ
877 2397 934 2450 τῶν
958 2397 995 2466 τῇ
1012 2397 1130 2467 βασιλίδι
1148 2398 1246 2464 διαφε-
1304 2401 1307 2409 ’

147 2461 256 2528 ρόνταιν
272 2463 429 2534 χρημάτων.
465 2466 566 2519 subdita
595 2459 629 2517 od
652 2465 787 2518 τοσοῦτον
805 2461 897 2534 ἔμελεν
914 2460 1011 2526 circis
1027 2465 1083 2518 τῶν
1102 2466 1247 2536 βασιλικῶν

146 2535 318 2601 θησαυρῶν,
336 2551 409 2604 quarn
425 2540 453 2587 nt
468 2534 624 2604 logothetam
641 2533 693 2585 sibi
709 2532 832 2586 insensum
851 2534 963 2586 emedio
976 2533 1111 2597 tollerent,-
1138 2531 1171 2585 ad
1189 2551 1245 2586 eum

148 2603 282 2670 siquidem,
300 2610 328 2655 ut
347 2605 396 2656 hoc
413 2621 446 2656 ex
463 2604 624 2672 Theophane
635 2601 754 2655 addamus
772 2602 865 2655 cumuli
881 2601 982 2672 gratia,
998 2603 1128 2672 pertinent
1143 2597 1179 2655 coi
1196 2603 1248 2655 τοῦ

146 2673 258 2740 pecorosi
275 2674 439 2740 λοηοθεσίου
456 2671 607 2740 πράγματα
622 2673 786 2740 generalium
803 2679 979 2740 computorum
996 2675 1106 2758 negotia
1130 2675 1247 2742 punacio,

149 2748 178 2792 et
204 2748 233 2792 ut
255 2741 322 2793 idem
346 2743 453 2794 inferius
475 2743 553 2795 habet
575 2738 703 2809 δημόσιοι
726 2741 782 2794 τῶν
806 2741 976 2808 λονοδεσίων
996 2741 1127 2810 audisse,
1149 2743 1250 2810 publici

149 2816 329 2878 computorum
349 2813 425 2879 libri,
451 2805 570 2878 δημόσιοι
588 2805 767 2877 χίιροδὲσια,
790 2812 899 2880 publice
920 2811 1118 2866 ratiociniorum
1140 2813 1249 2866 scrinia.

148 2877 186 2930 illi
205 2879 311 2932 ministri
331 2881 524 2934 ascribebantur
542 2872 708 2946 ἐκλήπτορες
723 2881 779 2933 τῶν
796 2879 937 2948 δημοσίων
954 2876 1052 2947 φόρων
1077 2882 1250 2950 uectigalium
1342 2887 1344 2898 ’

149 2955 316 3033 receptores,
341 2949 378 3032 de
396 2949 487 3018 quibua
513 2948 686 3032 Theophanes
711 2948 737 3000 in
761 2949 899 3032 lustiniano
925 2949 1083 3018 posteriore3
1112 2949 1253 3017 διοικηταί

147 3019 342 3156 lilith
356 3017 815 3156 ilustris?,tituli
835 3019 975 3140 haiil?
989 3013 1254 3159 illttnizlhlf

150 3156 233 3208 ultimi
251 3156 318 3208 inter
335 3157 468 3224 generales
485 3156 629 3223 logothetae
645 3155 775 3208 Theodori
793 3155 952 3209 Metochitac
968 3155 1059 3210 merita
1082 3163 1111 3209 ct
1131 3158 1250 3223 hencres,

151 3241 227 3294 quem
245 3225 287 3277 hic
303 3235 394 3278 auctor
411 3233 547 3289 memorat,
565 3223 679 3292 reperies
696 3224 826 3294 descripta
842 3227 977 3291 Gregorae
994 3225 1012 3280 l.
1028 3227 1055 3278 7.

236 3317 264 3376 p.
284 3301 303 3360 9
321 3319 346 3356 v.
363 3299 413 3362 20.
443 3297 697 3374 Protovestiarites]
727 3299 852 3356 diversus
878 3297 923 3355 hic
941 3297 1201 3376 aptotovestiario,
1218 3303 1252 3356 ut

151 3388 213 3441 tum
232 3403 266 3442 ex
279 3383 413 3460 catalogis
427 3387 489 3443 tum
506 3400 540 3442 ex
553 3383 668 3441 diversis
683 3383 780 3441 officiis
796 3383 973 3441 manifestum
988 3383 1090 3442 evadit.

221 3457 237 3516 ό
264 3463 541 3536 πρωτοβεστιαρίτης]
571 3470 658 3516 errant
689 3465 733 3534 qui
761 3463 983 3536 protovestiarium
1020 3468 1046 3516 et
1079 3461 1252 3532 protovestia-

155 3531 226 3586 ritem
249 3549 326 3588 uuum
356 3539 460 3603 putant,
491 3533 599 3602 quibua,
622 3533 670 3586 sub
692 3550 742 3586 non
766 3533 875 3586 absimili
898 3533 1001 3602 penitus
1020 3532 1136 3597 nornine,
1163 3547 1253 3584 munus

156 3608 182 3653 et
206 3601 268 3655 ordo
293 3603 396 3672 penitus
419 3602 531 3656 diversa.
568 3601 738 3672 praecepisse
763 3603 937 3655 cubicularias
963 3613 1020 3667 est,
1045 3600 1115 3654 cuius
1136 3613 1200 3652 onus
1223 3607 1253 3652 ut

157 3672 268 3724 vestibus
284 3672 333 3726 sibi
355 3689 372 3724 a
395 3671 515 3724 vestiario
536 3669 647 3752 prolatis
671 3669 807 3739 principem
831 3671 920 3724 induat
944 3675 971 3722 et
993 3676 1079 3722 exuat.
1113 3667 1208 3720 indicat
1226 3668 1253 3720 id

156 3737 323 3810 βεστήτορος
338 3743 466 3794 vestituris
483 3740 559 3792 dicho
577 3738 687 3805 Latina,
711 3740 803 3808 prioris
821 3741 877 3793 vice
894 3740 992 3810 positar
1017 3737 1059 3790 ubi
1084 3737 1148 3788 enim
1167 3736 1256 3788 scribit

155 3809 290 3863 cedrenus
315 3809 448 3864 lastiniani
471 3825 537 3861 anno
565 3809 600 3862 22
627 3801 774 3860 ἆπῶλεσαν
801 3805 831 3861 οἱ
848 3800 1066 3880 praeceptioni
1084 3801 1187 3871 στέμμα
1204 3806 1256 3858 τοῦ

157 3874 306 3948 βασιλέως,
331 3879 503 3947 Theophanes
524 3877 603 3930 habet
627 3870 773 3930 οἷπῶλεσαν
799 3873 828 3930 ολ
845 3879 908 3949 βεστ
919 3875 1007 3941 ’τορες
1029 3869 1062 3926 τό
1080 3869 1183 3942 στέμμα
1204 3873 1256 3927 τοῦ

157 3945 297 4016 βασιλέως.
332 3947 449 4001 Eucbolo
469 3946 534 4001 ium:
555 3939 669 4012 ,ἐπαίρει
691 3941 723 3999 τό
740 3943 892 4015 χλαμύδιον
908 3965 924 3999 ο
943 3939 1116 4009 πατριάρχης
1132 3939 1179 3994 καὶ
1197 3937 1256 3996 ἕντι-

157 4017 272 4072 δίδωσιν
290 4011 360 4070 αότδ
377 4019 438 4076 τοῖς
450 3963 622 4084 {eccleciam
640 4013 690 4084 (ita
709 4015 797 4069 scribit
813 4017 888 4084 illud)
906 4011 952 4068 καλ
969 4007 1021 4077 τὴν
1040 4011 1152 4080 φίβλαν.
1182 4031 1259 4084 προι-

155 4087 365 4161 τοβεστιαρίτην
381 4085 469 4166 itaque
485 4085 557 4152 regii
573 4083 686 4136 cubiculi
703 4087 878 4154 magistrum,
901 4084 957 4142 siue
974 4080 1106 4148 regiorum
1125 4081 1259 4134 casbiculc-

156 4161 261 4213 ciorum.
273 4156 415 4227 principem
432 4153 653 4221 interpretabere3
672 4169 779 4236 cumque
799 4171 863 4222 opus
888 4147 1046 4204 ἀδέσποτον
1069 4149 1119 4201 iam
1142 4151 1259 4202 reiereu-

155 4228 217 4281 dum
242 4223 283 4287 είς
304 4219 384 4296 οἷκον
408 4218 539 4294 βασιλέως
560 4217 709 4292 πράττειν,
731 4241 760 4275 ιιι
776 4219 943 4293 imperatoris
960 4218 1079 4274 cubiculo
1096 4218 1258 4289 ministrare,
1304 4247 1306 4252 ·

155 4295 320 4359 sescentae,
494 4321 499 4330 .
780 4337 790 4367 ,
