3034 4916
496 315 914 402 maeoniumve
1092 325 1093 332 ‘
1186 337 1262 408 aaa

160 485 263 572 calcei,
285 509 360 554 nrmc
382 493 528 574 sandalia,
554 511 629 554 nunc
649 513 760 573 ocreae,
786 513 862 555 nunc
884 496 1014 576 crepidae
1035 505 1189 560 vertuntur.
1232 509 1262 562 et

158 581 275 658 quidem
298 575 415 660 ἐρυθρά
440 582 542 653 rubra,
563 573 689 644 ιιόιικινα
709 600 760 640 seu
782 584 966 661 ιιοιιιιοβιιφῆ
984 604 1058 644 cocco
1079 589 1181 661 tincta,
1203 608 1261 648 non

159 667 222 726 sine
234 666 351 740 aquilis3
374 685 447 742 quae
460 672 491 724 et
504 664 624 748 τζοὶγγαι
639 685 689 726 seu
702 661 1024 748 ctoipnnc'dicebantum
1044 688 1135 745 usque
1153 675 1191 732 ad
1211 693 1262 751 ge-

159 771 217 810 nua
231 751 439 830 pertingentia,
457 753 481 810 si
495 752 564 811 fides
578 752 717 830 Procopio
730 751 750 810 l.
765 752 786 814 3
802 754 838 811 de
851 754 981 812 aedificiis
996 753 1151 815 Iustiniani.
1186 757 1261 822 cino.

160 830 280 917 ὃήμαια
299 835 383 918 μέχρι
406 837 449 910 εἰς
471 831 543 918 γόνυ
564 839 708 914 φοινικοῦ
728 832 898 917 χρώματος,
921 834 944 902 d
963 835 1002 917 dai
1020 841 1142 918 βασιλέα
1163 837 1262 920 μόνον

157 919 310 1002 Ῥωμαίων
323 943 354 984 τε
375 920 427 983 nai
447 923 575 997 Περσῶν
596 921 780 985 ὑποδεῖσθαι
795 921 903 1000 θέμις.
944 926 1065 1002 posteris
1089 929 1262 1004 temporibus

158 1007 235 1066 idem
248 1008 339 1067 honos
352 1007 471 1088 principi
484 1007 633 1084 Bulgariae
658 1026 821 1084 concessus,
842 1009 916 1068 inter
936 1011 1015 1069 cuius
1039 1011 1159 1088 insignia
1179 1021 1261 1074 erant

158 1113 242 1152 auran
256 1113 371 1168 cuono,
391 1098 424 1152 ut
444 1098 488 1151 est
506 1095 583 1172 apud
602 1093 738 1153 loannem
757 1095 960 1174 Curopalatam
979 1093 1009 1154 in
1032 1095 1187 1174 Tzimisce,
1207 1099 1259 1161 καλ

157 1173 248 1258 πάρα
269 1175 438 1257 νονησμένη
457 1178 491 1241 in
514 1173 646 1258 βύσσου,
672 1178 726 1240 καὶ
745 1178 852 1240 πέδιλα
875 1174 1008 1260 ἒρνθριὶ,
1038 1198 1111 1257 quae
1131 1183 1262 1244 Zonarae

151 1268 227 1322 ‘sunt
255 1256 453 1343 φοινιιόχροα
478 1269 510 1322 et
532 1255 651 1324 Nicetae
678 1265 708 1322 in
733 1263 842 1323 Ioanne
868 1265 1015 1324 comneno
1038 1271 1259 1348 φοινικοβαφῆ.

157 1349 233 1408 idem
257 1348 443 1426 Bulgarorum
464 1349 594 1428 princeps
609 1349 724 1408 Graecis
739 1343 880 1430 βασιλεύς
896 1349 1105 1430 appellabatur,
1126 1361 1159 1412 ut
1171 1353 1261 1430 liquet

158 1454 193 1494 ex
205 1433 345 1511 legatione
358 1432 581 1516 Luitprandiad
591 1435 782 1513 Nicephorum
795 1434 934 1516 Phocam,
956 1441 1013 1514 q'uo
1027 1439 1139 1496 nomine
1158 1459 1194 1497 ne
1209 1441 1260 1498 im-

157 1526 316 1600 peratorem
331 1519 443 1596 quidem
457 1517 619 1578 Occidentis
636 1519 846 1598 dignabantur,
866 1539 950 1597 quem
971 1523 1048 1604 ρ’ῇγοι
1061 1524 1259 1602 indigitabant.

148 1603 192 1664 'ex
207 1605 304 1664 calceis
318 1606 464 1684 purpureis
479 1612 508 1664 et
521 1607 673 1683 aquiliferis
687 1607 800 1682 agnitus
818 1611 862 1666 est
876 1608 951 1665 inter
970 1627 1114 1668 caesorum
1134 1609 1269 1669 cumulos,

156 1696 188 1750 et
205 1691 326 1749 tumulos
343 1687 547 1748 Constantinus
561 1691 674 1750 ultimus
687 1691 812 1768 ‘Cpoleos
831 1692 992 1768 imperator.
1013 1691 1157 1753 Phranzes
1172 1699 1191 1758 3
1208 1703 1259 1761 18.

155 1775 209 1835 has
233 1776 360 1853 crepidas
380 1771 531 1855 ἓροθροῖς,
551 1781 584 1832 ut
610 1795 658 1833 eas
682 1776 807 1852 appellat
828 1776 972 1854 Gregoras
988 1776 1005 1836 l.
1021 1783 1056 1854 3,
1078 1781 1260 1856 quemadmo-

156 1862 227 1920 dum
247 1867 278 1919 et
298 1873 467 1939 purpuram,
495 1851 592 1918 'statim
611 1859 781 1939 arripiebant
800 1859 903 1936 illi'qui
920 1863 1064 1940 imperium
1076 1865 1259 1925 invadebant.

158 1948 333 2023 quapropter
368 1939 404 2002 de
434 1943 587 2006 Theodoro
611 1947 758 2005 Comneno
780 1951 864 2024 capta
891 1945 1093 2008 'thessalonica
1118 1949 1259 2027 Georgius

155 2027 320 2110 Acropolita
332 2030 363 2088 in
376 2029 532 2090 Chronico:
555 2032 731 2112 πορφυρίδα
750 2055 782 2094 τε
805 2026 972 2096 doctricem
991 2032 1043 2095 nai
1063 2033 1169 2098 πέδιλα
1189 2037 1259 2117 ἐον-

155 2110 231 2199 epol.
273 2115 389 2192 obitque
408 2121 511 2202 strenue
528 2121 699 2202 inperatoria
720 2122 829 2194 munia,
852 2119 962 2178 creando
985 2117 1124 2198 despotas,
1143 2121 1258 2180 sebasto-

149 2206 296 2276 'ecutorus‚
316 2221 427 2278 magnos
439 2201 605 2278 domesticas,
627 2207 843 2281 protovestiarius
857 2209 882 2262 et
895 2204 925 2263 id
937 2225 1021 2282 garns
1036 2205 1112 2264 ulios.
1156 2207 1259 2282 quibus

147 2292 223 2354 ,ante
237 2287 330 2346 omnia
342 2286 485 2346 invasores
499 2289 603 2365 sceptri
624 2289 796 2366 imperatorii
814 2287 1011 2366 privabantur,
1033 2308 1118 2365 quam
1138 2281 1260 2370 primum

154 2373 185 2432 in
198 2373 386 2450 legitimorum
399 2373 575 2432 dominorum
594 2379 765 2450 potestatem
785 2371 943 2433 ueniebant
985 2394 1117 2432 coronam
1138 2377 1259 2454 impera-

155 2459 256 2517 toriam
271 2477 353 2516 nemo
366 2457 419 2515 sibi
433 2457 578 2537 sumebat,
595 2460 647 2518 sed
667 2459 697 2518 in
716 2459 897 2518 coronatione
910 2475 961 2518 seu
975 2459 1190 2539 inauguratione
1206 2481 1259 2522 sua

154 2561 174 2604 a
186 2543 346 2624 patriarcha
358 2543 519 2622 accipiebat.

239 2683 268 2742 p.
284 2660 325 2725 51
338 2682 365 2720 v.
375 2663 416 2725 21
431 2669 461 2722 et
475 2683 504 2739 p.
518 2657 560 2728 54
572 2681 599 2721 v.
614 2664 643 2725 6.
671 2660 792 2738 pilaticia
812 2668 991 2722 accersuntur
1015 2683 1033 2723 a
1057 2663 1135 2740 Cyro
1155 2659 1257 2720 Persa-

154 2765 217 2805 rum
240 2766 324 2824 rege,
352 2747 408 2806 imo
431 2767 448 2806 a
468 2747 578 2823 Medis,
605 2765 724 2822 quorum
746 2765 794 2805 rex
816 2754 845 2806 et
866 2749 971 2807 iudices
997 2749 1064 2807 talia
1082 2748 1203 2827 pilaticia
1224 2767 1259 2805 ex

153 2833 227 2892 collo
249 2833 439 2912 dependentia
462 2833 601 2910 gestarint
620 2838 755 2907 tanquam
780 2832 887 2892 iuridici
907 2834 1021 2893 honoris
1043 2840 1073 2893 et
1095 2834 1178 2893 officii
1191 2834 1258 2890 insi-

153 2919 230 2995 gnia.
273 2919 406 2994 quicquid
427 2919 464 2976 sit
487 2921 522 2978 de
542 2937 590 2994 re,
610 2919 776 2976 vocabulum
798 2919 909 2977 videtur
929 2917 1062 2979 Latinum
1084 2921 1184 2999 aptio,
1202 2919 1256 2977 hoc

154 3009 200 3062 est
214 3003 275 3063 teto.
318 3023 384 3062 narn
398 3005 475 3079 quod
489 3003 587 3067 lunius
600 3021 634 3061 ex
661 3003 851 3063 Orientalibus
868 3004 971 3081 linguis
991 3006 1021 3064 id
1042 3006 1171 3081 deducit,
1194 3005 1294 3080 qui-1³
1312 3009 1365 3064 222

155 3089 209 3146 bus
225 3089 265 3145 ait
281 3089 434 3166 pilaticium
447 3109 501 3148 csse
517 3091 710 3167 disquisitionis
723 3095 748 3147 et
763 3094 980 3150 accuratissimos
993 3095 1152 3166 cognitionis
1166 3109 1255 3148 monu-

153 3179 284 3248 mentum,
305 3174 336 3231 id
358 3175 426 3232 ideo
442 3175 509 3233 fecit
531 3194 567 3233 ne
591 3175 759 3232 nesciremus
782 3193 866 3250 quam
887 3174 1004 3234 feliciter
1019 3195 1106 3252 supra
1121 3168 1256 3250 ζωΰφιον
1350 3179 1352 3183 ’

148 3267 188 3317 'ex
204 3257 324 3316 Arabico
337 3259 478 3331 formarit3
497 3279 556 3318 non
569 3259 668 3336 impari
682 3259 814 3318 felicitate
834 3262 955 3338 pilaticia
982 3281 1016 3318 ex
1037 3261 1154 3318 Oriente
1174 3261 1255 3317 nobis

152 3363 230 3402 nuuc
245 3343 367 3402 advehit.
408 3345 553 3402 videtom.
569 3349 588 3408 8
603 3346 638 3402 de
653 3346 682 3402 S.
700 3346 791 3402 Cruce
814 3348 830 3406 1
855 3345 902 3406 13.
945 3345 1049 3420 ubique
1072 3352 1166 3404 autern
1188 3347 1279 3403 scri-⁸

151 3429 277 3488 bendum
290 3429 475 3503 allecturus,
496 3449 553 3488 non
569 3423 776 3503 οἷπελαιίκιον,
797 3432 901 3508 sceptri
917 3449 1024 3508 genus,
1043 3433 1121 3507 quod
1139 3431 1258 3508 palatini

149 3515 222 3574 certi
239 3515 393 3592 gerebant,
422 3516 658 3598 quemadmodum
685 3515 730 3574 alii
756 3514 837 3574 multi
859 3512 894 3578 cci
916 3517 1104 3588 δικανίιιιον,
1133 3515 1255 3596 suprad.

151 3605 216 3666 sc.
233 3603 262 3662 6.

222 3697 258 3750 ib.
275 3713 302 3748 v.
321 3697 363 3751 22.
385 3690 613 3820 doponcdnuvton
635 3691 765 3768 οἶσιιεπὲς]
791 3698 923 3764 Gregoras
948 3699 981 3752 ad
1007 3697 1128 3751 historiae
1144 3695 1253 3748 calcem:

151 3766 219 3831 περί
234 3782 264 3834 γε
280 3759 336 3833 μὴν
349 3765 399 3833 τῆς
436 3763 469 3817 πὶ
484 3766 608 3834 κεφαλῆς
623 3761 798 3834 tutiusque,
814 3759 859 3820 ἒπλ
883 3767 939 3819 τῶν
962 3765 1099 3835 πρότερον
1120 3760 1255 3846 βασιλέοιν

154 3833 226 3896 ἔθος
242 3829 309 3896 τοὺς
325 3829 378 3922 μὲν
392 3831 482 3920 χρόνον
499 3829 757 3920 ’προβξβηιιόοαςηέν
781 3835 1006 3923 τοϊς-βασιλεξοιρ
1024 3837 1147 3920 χρῆσθαι
1170 3835 1254 3918 nogia}

149 3903 426 4042 statuissetis
440 3897 786 4038 sabbatus
803 3905 1116 4041 “sinuessae
1132 3919 1257 4030 λιιι

149 4037 187 4096 di
203 4039 312 4105 πάντας
331 4025 468 4106 saisiant
492 4035 652 4095 uinciturrco‘v
680 4039 750 4111 ἔχειν
773 4013 826 4112 siin
848 4040 984 4113 κεφαλήν.
1007 4023 1096 4122 subdit‘
1112 4010 1256 4094 ’Andronici

152 4111 264 4166 iunioris
288 4118 376 4166 aetate
400 4110 523 4181 pileorum
548 4127 615 4179 quae
636 4112 737 4165 luberet
761 4119 893 4182 acceptam
920 4128 936 4164 a
964 4112 1115 4181 proceribus
1137 4111 1254 4180 termam,

152 4179 260 4234 invenes
276 4199 340 4236 vero
359 4179 435 4235 etiarn
453 4185 522 4232 tecto
539 4179 623 4252 capite
637 4179 760 4252 palatium
777 4183 963 4252 frequentasse.

223 4299 250 4352 p.
264 4284 298 4339 53
310 4285 365 4338 ai
380 4276 561 4351 προσφόρους
576 4277 701 4351 λέγοντες
715 4283 836 4354 ceipene]
854 4299 942 4335 aaran
955 4288 983 4334 ut
1000 4280 1143 4335 celebratae
1154 4279 1253 4333 testivi-

153 4347 204 4404 tati
228 4355 368 4425 congruos,
392 4351 430 4407 ita
452 4350 527 4406 simul
548 4352 668 4424 proprias
681 4351 853 4423 ‘imperatoris
878 4351 968 4406 nudes
992 4356 1020 4405 et
1048 4349 1207 4405 subditorum
1229 4349 1256 4401 in
