3050 4924
417 287 475 357 os
502 289 682 361 orimus
708 291 767 365 cr.
794 295 879 364 car.
904 278 973 370 m*
1192 306 1237 378 ιο

129 483 215 530 asro·
244 461 293 527 διδ
307 463 358 528 καὶ
372 453 411 548 ἦν
425 459 442 528 ό
456 459 550 544 τόπος
561 462 657 532 circi
669 463 896 553 άνετάγνωατος.
947 465 1063 559 κάτεῖχε
1077 475 1111 542 δὲ
1122 479 1237 544 δικαιό-

130 593 197 633 κιον
211 564 304 645 ξόλον
316 573 405 635 λεῖον.
1261 641 1264 650 .

231 667 392 750 Ὡσαότως
402 673 453 737 καὶ
467 666 547 738 icoo
557 667 692 759 μεγάλου
703 670 851 758 βαὶοάλου
861 672 954 757 τόπος
962 677 1183 769 άνιτάγνωστος
1191 673 1239 766 ἦν.
1321 759 1322 762 ¹

444 897 927 1006 Κεφάλαιουά.
1255 935 1329 990 Ρω

106 1039 124 1093 5
186 1033 258 1107 Περὶ
275 1036 332 1091 τάν
349 1032 519 1107 φοσεμάτων
536 1035 654 1094 ἑκάστου
672 1039 777 1096 τόντε
794 1036 959 1110 ἀξιωμάτων
974 1039 1023 1097 καλ
1040 1037 1194 1113 σ’φφικλαν.

238 1185 286 1250 Τό
306 1181 522 1273 περικάλυμμα
542 1193 598 1272 τῆς
613 1194 749 1277 κεφαλῆς
763 1195 818 1255 τοῦ
834 1186 982 1258 δεσπότου
997 1188 1033 1256 τό
1051 1187 1238 1274 καλοόμινον
1265 1266 1266 1277 ¹

133 1287 273 1386 σκιάδιον
289 1284 510 1378 δλομάργαρον.
553 1289 569 1356 ό
585 1291 645 1380 άῆρ
659 1291 753 1359 circi
769 1291 828 1377 ἔχει
843 1290 980 1377 όνόματα
996 1300 1051 1359 τοῦ
1069 1279 1238 1381 φομοῦντος

133 1391 227 1472 ariaci,
257 1391 552 1481 χρυσοκλαβαρικόν,
577 1397 785 1482 συρματόίνον.
834 1396 875 1462 τὰ
886 1408 953 1463 calc
967 1392 1018 1461 olo
1031 1401 1082 1463 καὶ
1095 1397 1133 1462 τὰ
1143 1404 1237 1480 βασι-

131 1493 202 1560 λικά
209 1544 219 1575 ,
245 1496 326 1579 πλὴν
341 1503 396 1562 τοῦ
413 1493 531 1580 κόμβοσ
544 1504 606 1564 τῶν
620 1489 773 1586 φοινίκων.
797 1499 833 1566 τό
849 1497 987 1566 κόκκινον
1001 1499 1111 1585 ῥοῦχσν
1128 1500 1235 1578 αὐτοῦ,
1253 1515 1275 1569 Β

90 1613 126 1669 10
135 1599 237 1692 ὥσπερ
262 1602 314 1664 καὶ
335 1599 370 1665 τό
390 1598 559 1682 βασιλικόν,
583 1602 662 1684 μετά
675 1601 774 1690 ῥιζῶν,
801 1602 872 1670 άνευ
888 1610 949 1670 τῶν
966 1607 1237 1690 στρατηλατικίων.

131 1702 169 1770 τό
183 1699 358 1790 ταμπάριον
375 1704 469 1769 αὐτοῦ
483 1703 621 1770 κόκκινον
635 1707 713 1789 μετὰ
726 1707 927 1793 μαργελλίων.
978 1707 1011 1772 αἲ
1024 1705 1149 1786 κάλτζαι
1165 1705 1237 1772 κόκ-

133 1832 225 1872 κιναι.
276 1806 316 1871 τό
337 1806 371 1870 δ’
399 1803 583 1891 ὑποδήματα
604 1810 698 1876 αὐτοῦ
705 1837 708 1844 ’
721 1811 846 1893 διβολόα
853 1857 864 1889 ,
891 1805 1059 1898 χράματσς
1079 1810 1236 1888 ὀξέος-καὶ

132 1915 259 1989 λευκοῦ,
286 1907 393 1993 ἔχοντα
415 1909 521 1988 άετοός
535 1917 829 2001 μαργαριταμέλνους
849 1915 882 1979 ἐκ
902 1915 1037 1998 πλαγίων
1058 1938 1090 1978 τε
1115 1917 1168 1978 καὶ
1188 1915 1237 1978 ἐπὶ

133 2019 196 2078 τῶν
211 2019 344 2100 ταρσῶν,
376 2011 444 2096 ἤτοι
466 2013 565 2081 ἐπάνω
585 2022 646 2082 τῶν
668 2013 874 2101 ὑποδημάτων
890 2023 951 2083 τῶν
965 2018 1149 2100 μουζακίων.
1198 2015 1238 2082 τὰ
1343 2072 1347 2082 ,

89 2136 125 2192 15
135 2119 249 2203 σίδημα
271 2122 333 2182 τῶν
359 2121 593 2205 πτιρνιστηρίων
615 2119 711 2185 αὐτοῦ
731 2117 783 2186 οἷα
806 2123 858 2185 καὶ
881 2120 921 2185 τὰ
940 2117 1103 2204 βασιλικά,
1136 2118 1176 2185 τὰ
1204 2121 1277 2186 (lic

130 2217 430 2310 πτερνιστηρόλοαρα
444 2223 579 2305 διβολὲα.
629 2221 760 2310 ῆσόλλα
782 2230 837 2290 τοῦ
859 2222 972 2310 ἀλόγου
993 2223 1090 2290 αὐτοῦ
1111 2223 1258 2307 castaus

202 2415 264 2485 4ο]
283 2413 309 2484 ά
325 2414 371 2469 ΑΒ
484 2417 504 2470 4
521 2413 649 2471 ἐνταῦδα
665 2416 729 2484 περὶ
746 2418 804 2471 τόν
820 2414 1069 2486 προκαλυμμάτων
1086 2415 1138 2480 τῆς
1153 2432 1239 2484 κεφα-

204 2485 257 2552 λῆς
278 2481 326 2537 καλ
345 2479 507 2551 ἐνδυμάτων
523 2487 581 2539 τοῖν
599 2483 814 2569 όμφικιάλανΡ
952 2483 1019 2540 ‘lai
1040 2481 1169 2538 σκιάδιον
1185 2485 1238 2538 τοῦ

203 2550 353 2621 δεσπότου,
373 2551 451 2622 δλομ.
468 2556 514 2608 ΑΒ
618 2571 711 2622 ονομα
726 2552 782 2610 τόδ
886 2556 903 2608 8
920 2550 1160 2624 μμσσυκλαδαρικά
1174 2567 1239 2623 σαρ-

201 2619 321 2690 ματὲϊνα
337 2625 382 2678 ΑΒ
485 2625 503 2679 9
520 2619 631 2692 κόμπου
650 2622 698 2678 καλ
715 2627 773 2678 τῶν
788 2626 934 2695 φοινικίσιν
953 2625 998 2677 ΑΒ
1094 2620 1127 2676 τδ
1146 2620 1238 2676 κόκκι-

202 2710 254 2774 νον
270 2685 456 2816 λμάτιονΡῆως
472 2690 505 2748 τό
526 2691 632 2765 (icitur
648 2690 741 2750 ου’τοδ
758 2695 781 2750 Ρ
872 2695 907 2754 16
922 2693 1175 2764 πτερνιστηολλαμα
1192 2693 1238 2746 AB

200 2780 254 2816 του
272 2779 363 2816 ιαπου

177 2822 188 2850 Ι

130 2931 275 3004 peratoris.
310 2949 393 3002 quara
408 2932 482 2987 locus
503 2933 560 2988 eius
580 2933 686 3005 lguotus
705 2940 755 2991 cst.
790 2932 899 2990 bacalis
913 2935 970 2990 sius
985 2932 1090 3003 insigne
1103 2948 1156 2988 nou
1169 2929 1237 2986 alius

131 3002 186 3055 tut
201 3019 277 3070 quam
292 2999 392 3069 lignum
407 3001 576 3072 laevigatam.

202 3069 331 3126 Similiter
345 3072 433 3143 magni
451 3072 534 3128 baiuli
547 3073 622 3128 locus
637 3073 788 3143 incognitus
806 3080 857 3128 est.

564 3244 737 3330 Caput
778 3247 808 3312 3.

133 3363 174 3417 Dc
189 3360 349 3434 tegumentis
366 3362 461 3432 capitis
483 3379 529 3419 cca
551 3362 628 3432 pilcis
645 3369 671 3416 et
686 3361 847 3416 indumentis
863 3359 1040 3432 officialium
1066 3377 1099 3414 σο
1121 3359 1239 3430 primam

202 3473 206 3480 .
515 3433 550 3486 de
566 3433 622 3502 ι’μιο
637 3433 708 3501 plleo
724 3434 854 3516 ἀνομοίου.
1077 3453 1082 3465 ·

205 3549 396 3620 Tegumentum
416 3551 512 3623 capitis
529 3569 581 3622 quo
600 3551 712 3623 despota
728 3551 820 3620 utitur,
846 3550 930 3620 pileus
947 3550 1028 3620 vulgo
1046 3550 1148 3617 (lictus,
1167 3555 1239 3603 totus

134 3637 169 3674 ex
185 3622 336 3690 margaritis
354 3629 466 3677 constet.
502 3621 615 3675 circulus
631 3621 744 3674 inferior
760 3622 879 3691 praefert
896 3620 1000 3672 nomina
1018 3620 1074 3674 eius
1091 3618 1137 3688 qui
1154 3627 1242 3687 gestat

131 3690 212 3759 illud,
235 3708 318 3759 opere
342 3690 476 3761 Phrygio,
503 3709 568 3746 auro
591 3690 684 3744 ductili
705 3691 786 3761 picta.
822 3689 867 3743 lile
888 3689 998 3746 intextis
1017 3689 1157 3744 unionibus
1174 3704 1242 3755 pen-

131 3761 208 3826 dula,
235 3759 324 3830 qualia
341 3768 404 3814 sunt
418 3760 583 3830 imperatorii
599 3759 680 3829 pilei,
707 3761 824 3830 exceptis
842 3761 918 3829 apice
939 3775 1057 3828 gemmeo
1074 3775 1106 3810 ac
1122 3772 1241 3826 gemmeo

131 3829 235 3898 paritor
251 3830 392 3884 marcario.
427 3832 517 3884 tunica
535 3831 659 3884 coccinea
675 3829 734 3884 sive
750 3829 859 3883 ruchnru
877 3830 934 3883 eius
952 3835 982 3881 ut
999 3826 1166 3897 imperatoris
1183 3840 1241 3876 cum

130 3899 225 3967 figuris
243 3916 275 3953 ac
292 3898 433 3970 ramalibus
451 3917 531 3955 aureo
547 3900 642 3971 pictis,
661 3902 760 3968 absque
776 3900 886 3969 aquilis,
905 3897 1061 3950 militaribus
1081 3891 1241 3962 insignibus.

131 3968 288 4040 temperium
307 3967 364 4021 eius
381 3984 429 4022 seu
444 3970 541 4038 penula
559 3970 682 4023 coccinea
699 3985 756 4024 cum
774 3968 915 4038 margellis.
958 3966 1058 4033 caligae
1077 3963 1134 4018 cius
1152 3962 1241 4015 cocci-

132 4055 209 4091 neae.
246 4055 342 4092 ocreae
364 4038 423 4091 sive
445 4039 566 4092 cothurni
583 4039 726 4107 bicolores,
753 4038 849 4094 coloris
872 4053 966 4106 nempe
991 4031 1104 4087 violacei
1129 4039 1157 4085 ct
1176 4029 1240 4100 albi,

132 4107 285 4176 habentque
302 4107 336 4160 ad
353 4107 452 4176 latera,
478 4117 506 4162 et
525 4108 553 4162 in
571 4117 682 4179 utroque
700 4107 822 4162 calcaneo
840 4124 888 4160 seu
909 4106 981 4159 calco
998 4102 1098 4171 aquilas
1117 4118 1150 4154 ex
1168 4119 1239 4156 mar-

132 4177 227 4245 garitis
246 4177 395 4242 consectam
414 4178 473 4232 sive
489 4195 569 4248 supra
586 4179 659 4248 ipsos
676 4177 779 4231 calceos
797 4177 874 4247 quasi
891 4176 925 4227 de
942 4171 1052 4227 musivis
1069 4170 1164 4255 pictos.
1183 4172 1239 4223 fer-

132 4261 190 4298 rum
204 4245 344 4300 calcarium
363 4248 435 4314 eius,
460 4248 537 4318 quale
555 4256 596 4300 est
613 4247 790 4317 imperatoris.
825 4246 883 4298 lora
900 4260 965 4296 vero
983 4239 1122 4294 calcarmm
1140 4239 1239 4310 duplici

131 4315 221 4370 colore
239 4322 372 4372 constant.
406 4315 471 4372 sella
493 4317 555 4386 equi
579 4317 637 4372 eius
653 4316 774 4372 similiter
789 4313 890 4371 bicolor
906 4319 964 4381 eat,
990 4316 1192 4364 conticiscente
1211 4317 1239 4362 et

1371 315 1386 352 1
