3034 4916
279 335 354 406 332
436 330 646 408 unutstttl
662 331 716 398 ET
735 327 867 400 GOARI
883 326 1216 400 COMMENTARIUS

278 505 412 580 pagntum
423 499 500 581 isat,
520 499 698 559 semimitas
714 495 754 557 ad
766 502 887 578 ιοοροιοι,
905 499 1111 574 egenemts‘one
1130 496 1168 554 acl
1182 501 1369 573 gnomones

280 587 420 645 transmeat.
462 588 519 662 sin,
541 583 609 662 qnod
624 582 741 662 equidem
756 585 953 656 amartitem,
974 581 1020 640 ltoc
1036 585 1114 639 eliam
1129 581 1265 642 oblittiom's
1275 603 1371 660 gurges

280 670 429 743 absorbuit,
459 674 486 728 et
508 672 630 746 gratiosa
648 669 748 728 islltaec
771 686 842 747 aqua
863 667 999 726 Castaliae
1017 666 1210 743 procidentiam
1234 673 1370 746 superiores

280 755 415 814 menariae
423 757 574 832 principum
591 773 641 812 non
653 753 811 832 praedicat,
839 753 931 812 saltem
944 751 1106 810 membranae
1125 751 1250 812 librorum
1267 753 1371 812 lislom-

280 858 369 898 carum
395 844 420 898 et
445 838 638 898 ordinationum
659 839 808 898 aulicorum
822 843 985 897 monatnenla
1003 836 1135 896 Stentoris
1151 839 1180 894 in
1197 855 1295 896 motem
1311 839 1370 896 laec

277 925 488 1002 proclamabunt.
530 929 560 982 tu
581 941 696 1002 quoque,
727 926 775 1002 qni
792 926 910 982 cuiusuis
933 921 1032 990 enedili
1049 924 1143 998 scripti
1157 925 1329 982 acutissimus
1346 942 1372 980 es

280 1013 420 1086 interpres,
449 1011 528 1068 etiem
548 1011 579 1067 in
598 1009 649 1066 luas
672 1029 723 1073 mon
741 1009 807 1066 lenis
823 1011 944 1068 momenti
959 1009 1106 1086 quaestione
1127 1006 1305 1086 compluribus
1322 1009 1371 1066 esis

271 1091 414 1171 sapasim,
434 1113 468 1151 ac
485 1113 524 1152 mc
542 1112 627 1152 cettan
646 1092 755 1151 dicendo
771 1093 884 1151 nonalis.
928 1094 993 1172 quin
1005 1094 1086 1150 etiam
1098 1093 1263 1168 imperatores
1277 1091 1373 1151 domini

283 1177 451 1236 Constantini
465 1177 638 1236 Monomaclei
651 1177 736 1236 edicta
754 1179 952 1252 sacratissima,
973 1177 1068 1254 quibus
1088 1175 1211 1236 ordinata
1229 1183 1292 1236 sunt
1313 1177 1372 1253 offi-

279 1266 325 1324 cia
344 1261 474 1340 praefecti
490 1263 649 1322 iudiciorum
667 1268 693 1320 et
717 1262 931 1343 somoplsplacis‚
958 1267 983 1320 at
1004 1281 1071 1340 quae
1084 1265 1209 1320 stmunnt
1223 1281 1265 1320 eos
1286 1263 1372 1320 delen

281 1349 401 1422 singulos
418 1350 447 1404 in
466 1367 563 1422 annos,
590 1353 696 1426 praeter
709 1348 785 1424 nlia,
811 1341 932 1424 consequi
946 1349 1047 1429 entiam
1061 1365 1142 1422 rogae
1159 1346 1297 1424 quenlibet
1313 1349 1372 1404 auri

282 1433 361 1490 talem
379 1451 414 1490 aa
429 1431 509 1491 talem
523 1436 695 1512 quantitatem
707 1453 762 1490 ααα
777 1450 836 1490 cnm
853 1434 981 1490 comantis
998 1431 1084 1506 bais,
1108 1450 1159 1490 non
1177 1433 1206 1488 in
1225 1429 1300 1489 coelo
1313 1437 1371 1511 snm

281 1537 328 1576 nec
346 1522 421 1576 trans
434 1534 522 1594 more,
549 1519 593 1575 ali
613 1517 698 1576 dicere
720 1520 778 1594 quis
800 1516 909 1590 debeat,
938 1519 1059 1594 quisnam
1081 1515 1145 1574 laec
1166 1513 1269 1592 adferm
1289 1517 1372 1574 milri?

282 1601 329 1667 sed
342 1606 404 1658 sunt
417 1603 446 1658 ia
460 1621 541 1682 mana
555 1607 603 1660 tua
617 1607 643 1660 et
655 1605 686 1659 t'n
709 1602 786 1660 coede
806 1607 853 1659 tuo
872 1606 898 1658 et
919 1601 949 1660 in
969 1619 1012 1661 otc
1033 1605 1087 1658 tun.
1129 1605 1209 1677 atque
1221 1604 1324 1658 ommno
1337 1603 1373 1658 rei

280 1688 419 1744 cecitatem
433 1704 466 1742 ια
479 1686 520 1744 leis
534 1689 627 1744 mentis
639 1689 758 1746 acumine
773 1685 889 1762 colliges.
930 1703 989 1744 cum
1001 1691 1089 1744 autem
1104 1687 1271 1764 imperatores
1284 1690 1310 1743 et
1320 1705 1372 1762 pa-

283 1771 416 1830 triasclae
431 1773 671 1850 magnificentiam,
691 1791 739 1830 ceu
752 1771 850 1830 dictum
863 1775 918 1848 est,
938 1787 1013 1830 suam
1028 1768 1198 1830 demonstrent
1209 1789 1258 1848 per
1271 1771 1336 1828 baia
1349 1775 1372 1827 et

281 1875 376 1932 sagas,
398 1874 462 1914 sane
481 1876 532 1934 par
554 1865 613 1916 etat
632 1863 664 1916 ut
673 1856 859 1935 patriarchae,
881 1859 928 1936 qui
937 1858 1054 1935 priscam
1068 1855 1194 1914 melenus
1208 1855 1370 1914 comuetndi-

280 1961 339 2000 nem
353 1947 504 2000 consonant
517 1947 543 1998 ot
556 1961 649 2002 aureos
670 1942 771 2000 clericis
789 1959 907 2000 nummos
928 1941 1125 2016 admetiuntur,
1139 1942 1220 2000 elsam
1234 1943 1301 2020 ipsis
1314 1941 1373 2000 lata

280 2025 390 2101 darent,
414 2026 627 2103 quomadmodum
642 2026 790 2086 indicatum
804 2031 851 2086 est.

349 2139 386 2193 il.
401 2138 481 2195 mio.
503 2138 656 2206 sugillantur
677 2139 721 2192 hic
740 2156 757 2192 n
779 2137 931 2222 quibusdam
952 2137 1111 2194 remotiores
1135 2095 1235 2191 (temni
1255 2142 1375 2221 tanquam

282 2207 440 2262 adulatorius
457 2206 521 2260 artis
537 2225 588 2260 non
603 2207 727 2278 imperiti,
752 2224 796 2276 qur
821 2207 971 2278 imperatori
984 2209 1064 2260 ferme
1080 2207 1165 2260 omnia
1183 2207 1260 2260 etiam
1276 2225 1373 2278 episeo-

281 2276 350 2348 pnlie
369 2283 397 2329 et
412 2275 580 2328 sacerdotalia
596 2276 680 2330 munia
696 2277 855 2340 tribuerunt,
879 2277 947 2330 inter
963 2282 1067 2328 caetera
1085 2276 1226 2344 ingressum
1245 2275 1277 2328 ed
1296 2277 1373 2330 altare

281 2352 307 2399 et
323 2347 364 2400 ius
388 2362 487 2399 sacram
508 2361 619 2397 inensam
644 2353 702 2397 ture
728 2345 886 2414 vaporandi,
907 2345 1030 2398 adderent
1051 2343 1132 2397 etiam'
1151 2350 1178 2398 et
1195 2344 1328 2398 conciones
1343 2344 1373 2396 ad

278 2415 399 2486 populum
423 2413 540 2471 habendi.
563 2415 635 2468 itane
653 2431 718 2467 vera
738 2415 885 2468 Theodosio
908 2413 1019 2484 prinicipi
1040 2411 1083 2465 alii
1107 2431 1139 2466 ex
1164 2412 1308 2467 Occidente
1332 2413 1372 2465 vel

279 2485 388 2540 Oriente
407 2483 544 2552 pontifices
557 2483 743 2546 adulabantur,
760 2483 804 2554 qni
827 2489 889 2535 ante
907 2482 1063 2536 severiorem
1083 2481 1211 2536 Ambrosii
1235 2482 1372 2551 eorreptio-

279 2570 337 2606 nem
359 2553 408 2622 ipsi
431 2553 689 2622 praecessoribnsqne
709 2553 745 2604 ad
766 2561 880 2610 sanctum
903 2551 1013 2604 tribuual
1028 2550 1172 2620 ingemunt
1187 2550 1373 2621 permiserautl

279 2622 350 2676 itene
366 2621 498 2675 Valentem
515 2621 646 2704 religionis
665 2623 763 2675 hostem
780 2621 894 2691 palpavit
909 2619 1033 2685 Basilius,
1055 2619 1099 2672 ubi
1119 2620 1210 2673 lubens
1226 2636 1283 2672 eum
1300 2613 1373 2680 lacis

279 2692 332 2744 τοῦ
346 2689 537 2758 nordemanne,
554 2698 589 2742 nrt
604 2689 799 2753 Nazianzenus,
819 2689 947 2760 excepiti·
960 2695 1086 2756 ungentem
1104 2695 1174 2740 certe
1228 2689 1235 2702 ‘
1253 2687 1373 2741 recentio-

280 2760 351 2812 ribus
375 2759 485 2811 Gsaecis
506 2759 647 2828 appingunt
670 2759 737 2830 quod
761 2757 895 2811 concilium
917 2757 1066 2810 Trullenum
1091 2757 1191 2814 camd
1225 2753 1299 2811 uacci
1314 2773 1373 2810 essu

280 2824 484 2965 tttt'tzts
500 2825 800 2953 tillitttltllt
810 2825 1373 2966 ·titltln¹¹‘0tt”st⁰'tsttt⁰ltl

281 2964 391 3016 infidelis
407 2964 480 3029 licet,
497 2963 576 3016 tilium
593 2971 676 3018 nmen
693 2967 778 3048 Sergii
803 2959 925 3032 mampsis
949 2963 1075 3017 benefida
1099 2980 1128 3018 se
1149 2965 1293 3035 suscepisse
1308 2963 1374 3019 arbi·

281 3037 366 3087 tratus
384 3049 483 3084 crucem
500 3049 603 3084 auream
620 3031 646 3086 in
663 3035 751 3102 templs
767 3035 821 3087 eius
845 3033 919 3086 altari
941 3032 1078 3086 dedicavit.
1101 3031 1145 3154 qui
1163 3032 1219 3085 eius
1243 3033 1315 3086 iussu
1331 3031 1374 3084 de·

281 3103 398 3164 terebat,
414 3100 451 3152 ait
467 3101 607 3152 Simocatta
624 3103 641 3154 l.
659 3105 691 3168 5,
710 3099 747 3164 ὡς
760 3098 792 3156 ed
809 3097 921 3171 elusone
936 3096 955 3155 ὁ
970 3096 1109 3155 άτιοσταλε
1122 3120 1135 3162 ς
1150 3096 1329 3169 άφιιινεῖται,
1340 3095 1374 3154 nt

282 3187 311 3223 se
328 3171 406 3236 ticina
422 3163 457 3222 τά
474 3169 526 3221 cati
542 3167 673 3240 βασιλέως
690 3164 748 3240 άμοι
762 3175 822 3232 τοῖς
855 3168 975 3240 nolanam
991 3163 1022 3223 lo
1032 3170 1068 3240 τῇ
1077 3164 1142 3242 ἱερᾷ
1151 3165 1300 3238 περιέθετο
1310 3185 1372 3234 τρα-

280 3233 358 3310 πέζῃ.
375 3257 433 3292 num
450 3237 535 3308 patius
552 3239 673 3292 mendaa'i
696 3190 882 3294 convincendus
899 3245 957 3293 emt
972 3239 1107 3294 Balsamon
1129 3241 1156 3293 in
1177 3239 1285 3292 eumdem
1301 3254 1375 3291 cano-

199 3365 202 3370 ,
282 3325 339 3362 νοω
355 3307 429 3360 nobis
442 3325 588 3378 opponente
607 3305 671 3376 nent
688 3303 720 3361 δι’
743 3326 773 3378 ps
788 3309 844 3362 cciv
859 3307 988 3364 Λατίνων
1009 3303 1149 3378 μανθάνω
1173 3303 1218 3362 ὅτι
1240 3303 1277 3362 ani
1290 3303 1375 3378 μόνον

283 3375 376 3430 iatuol
392 3371 493 3442 ἄνδρες
509 3370 578 3429 olllal
597 3373 644 3430 mal
667 3382 797 3446 poeninen
820 3373 860 3438 ele
875 3373 908 3430 ed
931 3371 1012 3446 άνιον
1028 3376 1104 3446 βῆμα
1125 3371 1314 3446 εἰσέρχονται,
1328 3371 1375 3430 nal

280 3441 424 3513 κάθηνται
441 3441 593 3514 ἱσταμένων
609 3442 739 3508 πολλάκις
755 3445 803 3500 nal
826 3445 882 3500 cciv
898 3441 1126 3514 leqoonpatluecoa.
1145 3452 1186 3498 tus
1202 3445 1306 3515 quidem
1320 3441 1375 3496 laiei

281 3513 367 3568 Latini
385 3531 435 3566 non
453 3515 621 3582 vaporantia
637 3515 726 3568 altaris
743 3525 771 3568 at
788 3531 844 3568 cum
860 3517 984 3568 lectorum
1000 3515 1079 3567 charo
1104 3513 1172 3566 datis
1195 3514 1273 3567 etiam
1295 3515 1375 3567 leata-

280 3601 337 3636 rum
361 3583 517 3653 insignibus,
544 3583 578 3635 de
607 3584 700 3653 quibus
732 3601 755 3637 a
782 3586 831 3652 17,
861 3585 957 3637 Graeci
982 3599 1053 3637 sunm
1084 3581 1264 3652 inperatore-
1285 3599 1376 3651 aggre-

282 3652 419 3720 gaverint,
441 3651 508 3706 nullo
533 3651 688 3720 irreligionis
713 3653 818 3708 erimine
839 3651 994 3718 accusandi,
1024 3651 1061 3718 si,
1083 3651 1151 3720 quod
1180 3651 1234 3721 egit
1257 3652 1374 3704 Solamen

280 3722 395 3792 Paralip.
420 3723 453 3788 6,
475 3727 503 3774 ut
528 3728 691 3775 converteret
713 3723 803 3776 laniem
826 3728 854 3775 et
874 3720 1038 3788 benediceret
1065 3719 1200 3774 universae
1225 3718 1375 3774 multitudini

280 3791 379 3854 Isrnel,
396 3787 554 3843 Christianus
571 3789 690 3860 princeps
706 3792 853 3844 Christiano
871 3789 965 3862 populo
989 3789 1056 3841 bene
1077 3789 1179 3855 precari
1198 3790 1303 3842 audeat.
1327 3804 1375 3840 nou

281 3867 431 3928 arroganter
449 3861 535 3942 itaque
552 3859 594 3912 vel
609 3867 706 3912 temere
722 3861 870 3929 pontificum
887 3864 1010 3928 usurpata
1025 3863 1155 3927 potestate
1173 3875 1232 3910 ceca
1243 3860 1375 3911 mamete

281 3945 336 4049 sque
350 3929 479 4050 ieqpriqniq
494 3933 632 4050 qqnpetator
650 3929 767 4015 aneous
784 3929 853 4061 (αυξτ
870 3927 1011 4049 enjpt,iqpi
1028 3927 1185 4048 Grqpparqm
1201 3925 1376 4050 lietqretrrqursq:

282 4015 465 4136 settene
481 4001 1376 4136 tstteltttfttt‘ittetrsrstlt‘istnttn,it..

285 4132 358 4199 bolo,
376 4153 408 4186 ex
425 4133 565 4187 dilectionis
582 4133 696 4198 affectu,
712 4134 899 4188 ecclesiasticae
919 4132 1049 4202 dignitatis
1066 4133 1212 4192 consortio,
1230 4137 1258 4186 et
1273 4131 1295 4184 si
1306 4131 1377 4194 rede,

285 4203 420 4272 potestatis
437 4202 613 4269 concessione,
628 4202 844 4264 benedictionem,
862 4220 937 4272 quam
960 4205 1081 4272 parentes
1103 4201 1178 4266 filiis,
1202 4201 1377 4270 impertiuntur

285 4269 389 4339 populo·
416 4278 543 4324 caeterum
565 4271 628 4324 licat
650 4273 772 4340 vulgatus
794 4271 950 4326 Balsnmonis
978 4277 1065 4324 textus
1090 4287 1140 4324 nou
1164 4269 1285 4324 exhibeat
1305 4269 1378 4326 nude,

285 4339 354 4409 quad
376 4337 480 4410 insuper
503 4339 638 4407 obiicitur,
661 4342 822 4414 destruatur,
839 4343 903 4412 qnin
923 4340 1005 4398 ellam
1020 4341 1188 4410 imperatores
1202 4340 1327 4414 poputqn
1342 4336 1378 4393 ai
