2958 4918
253 271 327 346 184
403 271 615 342 GRETSERI
633 271 688 338 BT
706 267 840 340 GOARI
858 267 1193 340 COMMENTARIUS

253 439 406 520 spicum.-
422 445 455 498 at
466 437 496 498 in
506 437 595 498 altero
605 437 647 500 29
657 437 809 498 stationem
822 435 939 496 obtinet
958 437 1000 500 88
1008 434 1102 496 locum
1111 439 1213 501 tenent
1226 435 1371 518 duplos:

146 537 167 588 P
187 537 239 594 190
254 549 310 606 poc
329 526 467 602 interpres
480 524 564 584 vertit
587 523 706 595 lictorem
726 528 824 582 noster
840 521 925 589 index
948 520 1118 582 rhabduchis
1137 527 1226 582 caret.
1244 529 1358 583 suntet

255 611 325 670 aliae
348 609 538 688 diversitates,
558 623 630 686 ques
658 607 746 668 lector
766 612 866 670 mutua
887 606 1034 686 utriusque
1058 605 1183 688 catalogi
1209 607 1359 670 collatione

256 695 455 776 deprehendet
932 775 939 792 .
960 773 968 792 ·
1070 776 1077 792 .
1331 777 1340 791 ο

256 775 685 926 cultrisltdttlt
702 773 1361 940 ttltititttttttttttt

256 948 373 1028 κέρνης.
391 951 444 1009 sed
461 955 589 1008 tueamur
599 948 757 1028 vulgatam:
778 947 882 1026 alioqui
897 945 983 1029 paulo
999 953 1067 1028 post
1080 953 1213 1028 exsurget
1228 947 1279 1026 qui
1293 947 1361 1006 divi-

166 1092 169 1101 ,
255 1036 309 1096 aim
328 1035 406 1114 legat
420 1033 438 1099 d
451 1032 498 1098 eat
513 1033 631 1118 κέρνης.

256 1150 563 1287 dem:bliliaed¹obiib²iia
577 1146 1006 1286 Ipppppzvdliccgtnoatopgpiitfflppm
1018 1147 1363 1298 ill’orddndodilurpsirli,

255 1289 316 1358 ipsa
343 1283 476 1371 accipias
498 1303 625 1372 germane!
643 1287 748 1370 Graeca
763 1292 820 1368 est,
845 1286 919 1357 quasi
938 1277 985 1368 dal
1001 1299 1117 1366 scopae,
1140 1285 1242 1370 populas
1257 1289 1362 1366 pracfe-

257 1355 951 1494 litati„ttittittttttttttittl
966 1352 1008 1476 li
1025 1351 1364 1492 t'ttlttttttt‘t

255 1495 399 1578 praebendi
420 1493 509 1577 culicis
528 1493 716 1578 ministerium,
740 1511 772 1546 oc
795 1488 811 1548 ὁ
834 1487 881 1548 ἐπὶ
895 1489 1175 1575 κέρινηςορροίῑζαείοηί
1192 1493 1249 1545 siue
1263 1491 1363 1562 poculis

257 1563 556 1699 dictitanti:
567 1560 1141 1701 litttdtl⁰ttttt¹tttltt⁰titt
1151 1559 1364 1698 illidii&

260 1706 349 1766 catus,
367 1701 411 1772 qui
429 1699 547 1754 cedreno
562 1700 589 1754 in
609 1699 753 1770 Theophilo
773 1695 926 1770 οἰνοχοῶν,
953 1698 1065 1752 Nicetes
1083 1698 1101 1751 l.
1121 1701 1136 1752 1
1154 1697 1242 1751 Alexii
1258 1701 1362 1751 uuicui-

259 1764 440 1906 iliiiiuiii
457 1764 630 1892 titillet
646 1763 880 1892 ‘eliditis
896 1770 1000 1906 litt
1010 1764 1165 1908 ‘stilti‘
1179 1766 1363 1889 id‘tt'lt

258 1912 344 1971 amet,
368 1878 443 1960 reici
464 1907 514 1961 tuit
537 1907 692 1962 Gretssrusc
712 1856 755 1962 iia
779 1907 844 1960 enim
862 1906 961 1960 madida
977 1905 1062 1960 adhuc
1079 1905 1168 1958 charta
1185 1905 1230 1958 rix
1249 1905 1362 1958 exaratis

259 1976 453 2099 chpnpcteribus
466 1976 500 2076 ‘ip
521 1993 553 2032 eo
577 1979 685 2049 prinum
701 1975 755 2045 legi
771 1977 870 2046 “pomlo
885 1983 946 2048 post
962 1981 1084 2046 crmrget
1100 1975 1146 2045 poi
1162 1974 1270 2028 diomim
1286 1977 1362 2044 legat

259 2061 277 2098 o
309 2061 329 2096 π
357 2061 465 2114 nepem.
1016 2077 1023 2086 -

344 2149 381 2209 ib.
395 2168 421 2210 v.
437 2150 486 2212 12
521 2147 706 2230 curopalate]
727 2167 845 2229 nomen,
866 2157 900 2210 ut
916 2149 1045 2229 ridetur,
1063 2165 1162 2210 acero
1178 2147 1287 2228 palatii
1305 2151 1362 2208 for-

257 2239 374 2295 matum.
414 2233 587 2312 Evagrinsd
609 2242 640 2298 1:
661 2231 717 2314 trio
732 2231 874 2315 φυλακήν
893 2240 948 2314 τῆς
970 2230 1066 2314 αὐλῆς
1083 2233 1363 2314 incontaminatum,

257 2315 298 2380 ὃν
311 2317 542 2400 κουροπαλάτην
551 2317 576 2400 ἡ
585 2317 734 2398 Ῥωμαίων
748 2319 825 2400 λέγει
839 2315 940 2400 φωνή.
962 2339 1046 2397 quem
1056 2319 1203 2398 descripsit
1218 2320 1364 2399 Corippus

257 2403 332 2466 laud.
346 2403 417 2464 Inst
443 2409 458 2468 1
486 2405 547 2470 185
568 2410 598 2464 et
621 2404 667 2464 lib.
692 2409 799 2472 2282.
840 2405 936 2466 Latini
961 2423 1065 2464 nomen
1085 2403 1267 2482 curopalatae
1288 2407 1367 2464 varic

258 2491 430 2569 depravant:
451 2489 516 2548 hinc
525 2491 603 2569 apud
613 2489 822 2568 Luitprandum
835 2492 865 2550 in
875 2491 1017 2570 legatione
1033 2496 1077 2549 est
1087 2489 1189 2564 Leonis
1202 2492 1366 2569 coropalati,

258 2580 288 2634 et
308 2577 385 2654 apud
408 2573 533 2634 Leonem
555 2575 715 2636 Ostiensem
740 2578 877 2656 complosi.
905 2567 1166 2654 noooomotdrtcoo
1190 2593 1263 2634 uxor
1283 2595 1366 2636 curo-

257 2659 387 2738 palatae,
408 2665 438 2719 et
462 2661 731 2740 conponatorlmov
747 2679 849 2722 munus
873 2679 923 2720 sen
944 2661 1068 2737 dignitas
1087 2659 1283 2738 curopalatem
1306 2680 1366 2737 qua

257 2745 482 2820 insigniebantur
495 2745 579 2804 etiam
597 2745 744 2824 absentes,
759 2753 790 2806 et
805 2748 905 2822 quibus
920 2746 1019 2824 Cpolis
1041 2765 1094 2806 nec
1107 2743 1167 2804 visa
1184 2764 1238 2804 nec
1251 2747 1366 2806 fortean

258 2830 390 2888 videnda.
416 2829 543 2906 exempla
561 2829 684 2892 invenies
705 2831 735 2892 in
756 2832 848 2894 libello
868 2831 1050 2892 Constantini
1069 2829 1309 2910 Porphyrogeniti
1329 2834 1367 2892 de

249 2914 482 2974 administrando
495 2914 625 2992 Imperio.

345 2997 391 3058 De
405 2994 697 3078 Curopalata'passim
711 2999 839 3062 Codinus
857 3001 887 3060 in
909 3019 963 3059 suo
979 2999 1091 3072 'libello;
1115 3017 1199 3074 quem
1221 2999 1288 3058 olim
1302 3002 1367 3060 offi-

259 3083 333 3142 cium
345 3083 477 3162 babuisse
491 3085 548 3162 ait,
568 3086 620 3143 sed
632 3086 776 3164 ignotum,
793 3107 863 3146 nanc
881 3105 954 3156 vero,
971 3085 1026 3145 hoc
1044 3090 1090 3143 est
1105 3089 1233 3163 ternpore
1251 3085 1367 3165 Codini,

259 3169 370 3228 nullum
411 3167 584 3228 Alcmennus
594 3171 632 3228 ad
642 3191 669 3249 p.
682 3173 723 3234 28
735 3171 864 3250 Procopii
879 3170 1019 3249 duplicem
1035 3169 1240 3247 Guropalatam
1252 3174 1365 3249 statuit,

258 3253 377 3312 alterum
387 3253 437 3330 qui
453 3255 681 3315 subsehabebat
690 3259 882 3336 praetorianos
896 3256 1015 3332 milites,
1036 3272 1156 3334 quorum
1168 3254 1264 3333 plures
1288 3259 1365 3316 ordi-

259 3357 329 3414 nes,
350 3338 499 3410 domestici,
523 3347 692 3418 protectorer,
715 3343 873 3416 silmticrii,
891 3341 928 3398 de
952 3341 1054 3418 quibus
1069 3339 1224 3418 Procopius
1241 3361 1269 3420 p.
1295 3343 1364 3405 108.

185 3433 188 3437 ’
260 3443 296 3482 cx
308 3423 352 3481 his
363 3423 409 3482 alii
421 3424 450 3484 in
469 3425 540 3484 atrio
558 3431 588 3485 et
605 3427 743 3486 vestibulo
757 3427 851 3505 regiae
870 3425 1069 3502 versabantur,
1091 3425 1138 3486 alii
1157 3445 1209 3503 pro
1230 3427 1365 3485 cubiculis

259 3508 427 3575 desidebant
441 3515 472 3568 et
490 3493 620 3570 excubias
642 3512 766 3590 agebant
787 3514 835 3572 diu
853 3517 1018 3588 noctuquet,
1038 3509 1069 3571 bi
1096 3509 1363 3590 σωματοφύλακες,

258 3591 363 3654 Latine
376 3591 549 3654 excubitores
562 3597 753 3675 vocabantur,
772 3596 813 3658 illi
828 3591 961 3675 φύλακες
973 3598 1029 3659 aori
1040 3596 1203 3664 mutatico,
1229 3599 1364 3656 custodes

258 3679 374 3760 palatii,
402 3681 535 3760 praetorii
554 3680 655 3740 milites
678 3701 729 3741 seu
753 3683 939 3762 praetoriani,
969 3682 1050 3742 aulae
1073 3678 1118 3740 vel
1145 3679 1227 3739 aulici
1252 3683 1362 3740 milites.

258 3767 432 3844 praelectum
445 3765 490 3824 his
503 3767 647 3826 ordinibus
663 3772 779 3827 comitem
792 3771 1017 3847 praetorianorum
1038 3785 1089 3824 seu
1110 3767 1289 3826 excubitorum
1311 3787 1363 3845 ap

258 3849 348 3926 pellat
360 3851 530 3928 lornaudes,
551 3850 705 3931 Procopius
715 3858 862 3933 partcipem
882 3851 1018 3911 mestorium
1028 3851 1146 3928 palatii,
1167 3851 1311 3932 Corippus
1326 3853 1363 3912 de

257 3933 334 3993 laud.
351 3935 421 3995 lust.
435 3935 540 3997 Mina
562 3939 625 4002 285
646 3957 739 3996 curum
758 3940 867 4016 palatii.
886 3937 958 3996 alter
977 3935 1143 4015 curopalate
1165 3944 1228 3996 erat
1240 3956 1362 4016 praepo-

258 4019 331 4078 situs
344 4021 468 4080 fabricae
476 4019 591 4099 puerit,
612 4023 649 4080 de
663 4039 720 4098 quo
733 4023 919 4082 Cassiodorus
933 4020 1003 4079 libro
1018 4024 1039 4082 7
1053 4019 1119 4079 Ver.
1134 4022 1217 4099 epist.
1233 4024 1268 4101 5,
1282 4023 1360 4082 cuius

258 4123 391 4182 maguam
413 4106 580 4182 dignitatem
598 4107 685 4167 luisse
703 4109 792 4166 credit
811 4107 951 4166 Meursius
971 4105 1002 4164 in
1025 4104 1189 4184 Glossario,
1211 4110 1280 4189 quod
1296 4114 1360 4168 onte

258 4208 346 4266 regem
358 4190 545 4250 Theodericum
556 4211 666 4252 curcum
683 4197 789 4268 virgam
802 4200 912 4269 gestans
921 4193 1025 4270 primm
1046 4191 1182 4253 incederet.
1202 4201 1233 4256 ot
1255 4194 1359 4255 Οαεείυ-

260 4276 355 4335 dmm:
377 4275 501 4354 primus,
529 4280 634 4356 inquit,
661 4277 734 4337 inter
754 4278 896 4356 obsequia
912 4295 1076 4358 numerosa,
1100 4277 1147 4336 boc
1165 4287 1205 4340 cst
1221 4301 1274 4342 aon
1291 4283 1357 4340 irater
