2968 4924
273 312 323 387 80
586 309 736 380 CODINI
757 309 1054 386 CUROPhLdThE

272 479 514 570 παραγενομένου
537 478 588 569 ἐφ’
613 471 686 547 ait
709 483 844 568 σταυρὸς
865 483 1006 562 ἰ’στοιται,
1042 477 1173 550 indier
1188 475 1286 568 φίρος
1300 479 1367 546 ἔκα-

233 591 256 646 Β
274 593 369 665 λεῖτο,
395 585 557 672 ἀπέρχεται
574 581 749 666 travancha
768 589 820 652 rai
843 584 947 652 ἀκοάιι
960 585 1016 669 τὴν
1031 583 1102 650 κατ’
1124 583 1199 662 έθος
1213 583 1334 650 έκεῖσεέ
1351 619 1369 634 -

271 688 452 773 τελουμένην
477 686 673 754 ἀκολουθίαν.
722 690 800 774 μιιά
815 691 848 756 δὲ
863 689 918 775 τὴν
934 686 1086 756 ἀπόλυσιν,
1097 687 1261 774 ἀπέρχεται
1278 679 1368 762 αὖθις
1462 741 1463 760 2

273 795 315 870 είς
330 793 364 860 τὸ
380 786 538 856 παλάτιον.
1204 817 1205 822 1

188 975 192 988 ι
375 893 467 960 Κατά
486 892 541 977 τὴν
561 888 668 978 ἑορτὴν
683 899 745 960 τῶν
758 893 896 980 γονοσίων
915 901 970 980 τῆς
984 892 1141 961 θεοτάκου
1150 891 1313 981 ἀπέρχεται
1328 892 1390 968 rich

259 999 327 1084 τὴν
342 997 512 1080 σεβασμίου
524 996 622 1080 μονὴν
635 995 691 1079 τὴν
703 1003 759 1064 τοῦ
771 995 886 1080 Λιβός.

162 1118 255 1176 {¹115
372 1100 465 1166 Κατά
488 1099 544 1183 τὴν
568 1097 692 1183 μνήμην
719 1105 775 1167 τοῦ
801 1097 935 1186 μεγάλου
957 1098 1137 1186 Δημητρίου
1165 1099 1210 1175 είς
1236 1096 1291 1180 τὴν
1320 1095 1369 1162 ἐπ’

271 1200 397 1288 ὀνόματι
428 1202 523 1270 αὐτοῦ
549 1203 721 1288 τιμωμένην
751 1205 921 1288 σεβασμίαν
949 1201 1046 1288 ρωνὴν
1069 1201 1125 1286 τὴν
1145 1209 1207 1269 τῶν
1229 1203 1371 1270 Παλαιο-

272 1305 378 1394 λόγων.
1288 1335 1297 1364 s

375 1407 467 1475 Κατά
481 1407 537 1490 τὴν
549 1414 604 1474 τοῦ
620 1404 753 1496 μεγάλου
766 1403 994 1497 Χρυσοστάμου
1010 1404 1132 1494 μνήμην
1147 1405 1312 1494 ἀπέρχεται
1330 1408 1372 1482 εἷς
1379 1416 1408 1470 10

274 1512 330 1597 τὴν
344 1509 433 1598 ἁγίαν
447 1513 576 1598 Σοφίαν,
602 1516 652 1578 καὶ
667 1509 769 1578 ἀκοάει
784 1514 840 1595 μὲν
854 1517 914 1578 τῶν
930 1509 1092 1598 ἕοπερινῶν
1106 1509 1221 1593 ὕμνων,
1245 1511 1324 1594 μετὰ
1338 1510 1373 1574 δέ

274 1617 330 1699 τὴν
350 1613 496 1681 ἀπόλυσιν
519 1614 674 1702 ἀνέρχεται
695 1618 737 1693 είς
758 1615 793 1682 τὸ
809 1618 926 1681 κελλίον
939 1621 993 1680 τοῦ
1010 1612 1198 1702 πατριάρχου
1215 1610 1373 1679 ἀναπαυό-

276 1743 367 1806 μενος
378 1721 487 1786 ἐκεῖσε·
519 1725 556 1806 τῇ
574 1719 607 1786 δέ
621 1718 765 1805 έπαάριον
781 1719 860 1784 κατὰ
871 1718 924 1784 τὸν
935 1723 991 1801 τῆς
1003 1719 1091 1794 θείας
1105 1718 1292 1806 λειτουργίας
1305 1743 1374 1784 και-

278 1821 332 1911 ρὸν
347 1819 538 1909 κατέρχεται,
561 1824 612 1887 καὶ
627 1820 739 1906 ταύτης
754 1823 948 1906 τελεσθείσης
964 1819 1136 1907 ἀπέρχεται.

379 1923 470 1990 Κατά
486 1922 540 2006 τὴν
559 1929 620 1991 τῶν
635 1925 772 1992 είσοὸίων
785 1931 840 2011 τῆς
853 1921 1003 1992 θεοτόκου
1014 1919 1137 2010 μνήμην
1153 1923 1315 2011 ἀπέρχεται
1332 1923 1374 2001 τίς
1382 1930 1408 1989 15

277 2028 333 2114 τὴν
346 2035 401 2112 τῆς
415 2027 626 2114 Περιβλέπτου
643 2031 812 2113 σεβασμίων
825 2026 932 2113 μονήν.

237 2145 260 2200 Β
381 2130 472 2195 Κατὰ
495 2130 551 2214 τὴν
572 2137 626 2199 τοῦ
646 2129 780 2218 μεγάλον
796 2133 961 2199 Βασιλείαν
984 2127 1146 2219 ἀπέρχεται
1168 2124 1315 2205 ἀσαάτως
1335 2129 1377 2204 εἰς

275 2232 333 2319 τὴν
344 2234 394 2298 ἀπ’
413 2230 540 2316 ἀνάματι
555 2234 650 2300 αάτοῦ
661 2236 833 2320 τιμωμένην
847 2233 1016 2318 σεβασμίαν
1028 2231 1137 2318 μονήν.

379 2337 470 2402 Κατά
490 2337 546 2421 τὴν
569 2345 624 2422 τῆς
645 2336 823 2423 ἀπαπαντῇς
845 2335 952 2427 ἑορτὴν
972 2341 1018 2416 εἰς
1040 2337 1093 2403 τὸν
1115 2341 1176 2402 τῶν
1192 2335 1377 2418 Βλαχερνῶν

273 2439 358 2520 ναόν,
384 2439 636 2514 ἀκολουθούντων
657 2446 708 2508 καλ
726 2447 787 2509 τῶν
799 2439 981 2529 Βαράγηωνι
1031 2442 1083 2506 καὶ
1100 2437 1228 2505 πάντοτε
1247 2437 1304 2519 μὲν
1319 2441 1411 2505 τοῦτο

273 2543 424 2627 Ιἀασιλέως
439 2543 709 2626 καβαλλικεάοντος
730 2547 965 2623 ἀκολουθοῦσιν,
991 2541 1134 2633 φέροντες
1149 2540 1199 2608 ἐπ’
1215 2538 1308 2622 ἀίμων
1322 2539 1379 2615 τὰς

274 2648 405 2723 πελέκεις
428 2646 529 2712 αὐτῶν
552 2652 603 2713 καὶ
626 2650 716 2736 μέχρι
738 2655 800 2715 τῶν
818 2646 968 2732 Ὑψηλιῦν
993 2644 1210 2734 ἀπερχόμενοι,
1244 2641 1323 2707 κατὰ
1345 2643 1379 2708 δέ

275 2748 389 2834 ταύτην
404 2749 459 2834 τὴν
473 2747 582 2839 ἑορτὴν
594 2751 685 2839 μέχρι
699 2755 749 2817 καί
763 2755 819 2820 τοῦ
831 2757 907 2818 ναοῦ
920 2748 1156 2818 ἀκολουθοῦσιν.
1201 2745 1237 2814 cai
1252 2745 1316 2832 μὴν
1326 2747 1379 2810 καὶ

346 2895 365 2948 6
383 2890 534 2963 σεβασμίαν
551 2911 593 2948 om
611 2894 635 2949 A
737 2887 740 2894 ⁴

278 3013 392 3085 batur),
416 3013 445 3066 in
469 3013 543 3067 cuius
568 3012 669 3068 vertice
694 3029 759 3068 crux
774 3012 885 3082 visitur,
914 3031 947 3068 eo
964 3012 1043 3068 etiam
1060 3029 1089 3066 ss
1106 3009 1211 3066 confert
1225 3010 1380 3082 imperator,

279 3084 404 3150 auditque
422 3085 491 3164 qued
511 3099 559 3152 pro
575 3100 648 3136 more
665 3082 706 3136 ihi
722 3083 859 3154 peragitur
876 3083 1001 3139 officium.
1037 3081 1162 3136 missione
1181 3082 1244 3136 data
1262 3081 1380 3135 reverti·

265 3161 323 3252 w
339 3152 379 3274 alh
390 3152 631 3274 pihlehhmhhhivitatis
648 3220 773 3290 deiparae
790 3219 847 3274 abit
870 3222 904 3275 ad
919 3219 1072 3274 venerabile
1088 3217 1275 3272 monasterium
1291 3217 1379 3284 Libia.

346 3291 378 3344 In
395 3289 520 3344 memoria
537 3289 624 3358 magni
641 3289 768 3342 Demetrii
791 3291 846 3348 abit
870 3289 1014 3359 imperator
1038 3291 1072 3342 ad
1094 3289 1271 3343 venerandum
1286 3305 1380 3341 mona·

279 3360 386 3415 sterium
403 3359 626 3426 Puiaeologorum,
646 3360 716 3428 quod
733 3360 837 3412 nomine
855 3359 985 3430 praedicti
1000 3357 1124 3426 martyris
1143 3357 1293 3426 insignitur.

348 3429 431 3481 Festo
450 3427 536 3498 magni
554 3427 738 3494 chrysostomi
762 3430 866 3483 confert
889 3447 920 3482 ae
943 3429 978 3481 ad
1001 3429 1031 3480 S.
1050 3426 1194 3496 Sophiam,
1221 3434 1249 3480 et
1265 3425 1380 3480 interest

279 3498 440 3568 vespertinis
456 3497 587 3566 laudibus.
623 3497 719 3566 quibus
736 3497 863 3551 absolutis
885 3497 975 3550 cellam
998 3496 1164 3567 patriarchae
1185 3496 1267 3566 petit,
1296 3503 1326 3548 ut
1340 3495 1380 3547 ibi

280 3567 409 3652 qpiescat.
444 3572 550 3635 poetero
576 3563 621 3618 die
646 3566 717 3620 circa
739 3567 863 3644 liturgiae
889 3574 991 3638 tempus
1016 3565 1168 3635 descendit,
1194 3581 1280 3636 eaque
1302 3565 1380 3619 finita

278 3637 608 3773 dmehhhtpraasentatione
623 3703 749 3776 deiparae
766 3675 896 3774 hir-ginis,
921 3704 1024 3773 quando
1047 3702 1172 3772 ternplum
1189 3701 1312 3772 ingressa
1328 3707 1379 3770 est,

278 3774 334 3830 abit
352 3772 386 3826 ad
402 3773 579 3827 venerandum
596 3774 781 3829 monasterium
799 3781 935 3846 spectatae
952 3781 980 3827 et
999 3772 1167 3826 admirandae
1184 3772 1297 3841 virginis
1320 3771 1381 3826 dei-

277 3861 431 3998 P·mh:esto
456 3910 546 3994 magni
561 3911 654 3994 Basilii
679 3913 782 3966 confert
806 3929 836 3966 se
857 3873 1056 3980 imperator'ad
1078 3907 1231 3965 venerabile
1247 3915 1380 3963 monaste·

278 3979 667 4111 numhnqhggondhhhrhhffhhh
676 3982 877 4120 lhhhhhhhhidnia
891 4046 988 4117 recipit
1003 4065 1033 4105 se
1050 4047 1193 4117 imperator
1208 4045 1240 4102 ad
1252 4045 1381 4100 Blacher·
1467 4051 1468 4068 *

279 4137 369 4174 narum
385 4118 523 4188 templum,
551 4119 734 4174 comitantibus
752 4119 897 4186 Barangis,
923 4117 968 4184 qui
984 4134 1088 4186 semper
1103 4118 1285 4186 imperatorem
1302 4116 1380 4184 aqui-

279 4195 377 4246 tuntem
395 4189 566 4255 comitantur,
593 4197 729 4259 portantes
753 4187 868 4240 humeris
891 4187 947 4240 anis
966 4203 1073 4239 secures
1097 4203 1171 4252 suas,
1195 4187 1380 4254 deducuntque

279 4275 362 4328 usque
380 4260 414 4311 ad
431 4258 514 4312 locum
531 4252 645 4326 Ὕψηλὰ
659 4257 767 4311 dictum.
802 4264 832 4311 at
846 4255 875 4308 in
892 4256 943 4309 hoc
960 4256 1029 4308 festo
1047 4255 1125 4308 etiam
1142 4256 1176 4307 ad
1191 4253 1315 4324 templum
1333 4271 1379 4305 co-

280 4329 419 4396 mitantum
442 4327 489 4383 ubi
512 4334 600 4383 taurea
625 4343 678 4382 aaa
702 4334 808 4385 manent
829 4343 913 4398 usque
935 4327 968 4380 ad
989 4323 1156 4396 imperatorie
1173 4325 1304 4393 reditum,
1330 4323 1378 4376 sed
