3034 4916
497 311 545 384 IN
558 313 714 396 ¹CODINI
744 315 832 386 CAP-
852 315 910 388 VI.
1182 321 1257 396 279

157 479 363 542 acclamationis
376 481 470 543 iactae
484 501 503 542 a
516 485 617 544 senatu
630 481 678 543 m·
689 479 835 543 Antonino
848 491 1046 546 commemorat
1066 483 1210 548 Vulcatius
1228 491 1259 550 in

157 568 260 628 Avidio
272 568 388 628 Cassio:
408 569 539 630 Antonine
558 569 624 646 rae,
645 569 687 628 dii
703 575 729 629 te
747 575 857 630 suerat.
879 571 1010 631 Antonine
1030 574 1153 649 clarens,
1175 576 1217 635 dii
1232 582 1258 635 te
1320 621 1323 627 .

157 659 268 718 secuml.
286 660 317 714 tu
326 654 437 714 noluisti
448 655 517 733 quod
530 655 641 716 licebat:
654 675 701 714 nos
707 653 822 733 fecimus
837 656 906 734 quod
918 657 1033 716 decedat.
1056 657 1192 718 Commodo
1204 663 1257 720 im-

151 745 257 820 perium
271 743 371 798 iustum
390 741 534 816 rogamus,
551 743 702 818 progeniem
719 745 794 799 tuum
817 742 919 801 robora
936 742 991 822 sac
1005 747 1092 802 securi
1109 748 1164 802 sint
1181 745 1271 805 lihesi*

156 830 217 895 iuis
237 826 330 883 honum
347 829 483 902 mpetum
499 823 577 885 nulla
597 829 639 884 uis
658 824 750 885 laedit.
779 823 918 886 Commodo
936 827 1068 886 Antonino
1084 829 1257 890 tribunicium

154 916 308 992 potestatem
327 929 469 986 rogamus,
496 914 672 988 praesentiam
703 917 779 970 tuum
805 930 947 988 rogamus,
975 913 1156 992 philosophiae
1184 921 1256 990 tuae,

155 999 301 1078 patientiae
317 1000 396 1069 tuae,
419 995 556 1054 doctrinae
570 1002 649 1070 tune,
667 995 805 1055 nohilitati
816 1003 895 1071 tuae,
916 1000 1079 1057 innocentiae
1097 1003 1170 1058 tuae.
1186 1002 1257 1059 'uin-

159 1088 196 1142 eis
209 1083 346 1150 immicos,
366 1078 451 1139 hostes
465 1100 624 1158 exasperas:
644 1081 686 1140 dii
698 1088 723 1140 te
737 1086 854 1141 tuentur.

240 1165 398 1242 synodicae
417 1164 621 1225 acclamationis
640 1183 676 1224 en
699 1165 752 1224 tibi
766 1164 922 1246 exemplum
933 1183 967 1225 cx
982 1165 1168 1225 Oecnmenica
1187 1183 1256 1243 syu-

160 1252 214 1312 odo
231 1249 467 1328 chalcedonensi,
489 1250 553 1310 Act.
574 1255 612 1329 7,
632 1251 680 1310 nbi
693 1251 838 1311 Marciano
858 1253 1020 1329 imperatori
1042 1257 1072 1310 et
1092 1249 1256 1309 Pulcheriae

158 1336 324 1415 imperatrici
338 1335 492 1395 acclamant
504 1341 608 1415 patres.
629 1335 774 1396 Marciano
786 1357 852 1397 noco
866 1336 1055 1413 Corutaatino,
1075 1352 1140 1394 nouo
1155 1336 1255 1411 Paulo,
1315 1363 1318 1368 ·

158 1443 223 1483 nooo
231 1422 326 1482 Dauid
334 1422 429 1481 multos
442 1441 533 1482 annos.
554 1442 598 1480 uos
608 1425 735 1502 atispac
745 1423 831 1497 ordis,
848 1426 894 1501 pie
908 1421 1015 1483 domine.
1038 1421 1158 1480 dominus
1170 1425 1256 1480 uitam

159 1511 187 1567 ei
195 1513 330 1566 corneruet.
351 1507 474 1586 uosfides
486 1513 587 1567 nostra.
609 1507 747 1583 dirutus,
769 1527 843 1587 quern
861 1508 986 1581 honoras,
1007 1510 1062 1585 ipse
1075 1511 1101 1564 te
1119 1507 1255 1566 custodiet.

159 1592 329 1652 orthodoxam
338 1592 422 1672 fidem
437 1599 468 1652 tu
483 1593 620 1657 colorasti.
644 1597 714 1652 daut
734 1593 896 1672 Apostolici,
917 1597 960 1651 ita
976 1593 1093 1650 creditis.
1114 1592 1256 1668 Augustae

134 1678 254 1742 multos
274 1697 365 1736 annos.
390 1695 439 1736 uos
457 1679 559 1736 lumina
582 1679 742 1736 orthodoxae
755 1679 836 1754 fidei.
863 1684 970 1756 propter
992 1677 1057 1736 haec
1083 1678 1178 1755 utique
1195 1695 1256 1756 pas·

158 1768 208 1823 cst.
238 1762 337 1820 lamma
360 1764 455 1839 pacis,
476 1761 594 1834 domine,
614 1767 645 1820 tu
663 1761 774 1820 custodi.
794 1762 940 1821 luminaria
960 1763 1065 1834 mundi,
1085 1760 1202 1833 domine,
1225 1768 1256 1820 tu

158 1846 271 1906 custodi.
289 1849 418 1923 perpetua
434 1851 557 1906 memoria
575 1863 642 1904 nouo
663 1846 845 1909 Constantino.
867 1866 935 1925 prae
949 1865 983 1906 ex
999 1865 1091 1922 genere
1111 1845 1256 1904 orthodoxa
1284 1837 1287 1847 Κ

158 1937 215 2007 est,
233 1931 296 1989 deus
308 1949 366 1988 earn
379 1929 519 1995 mdodiat.
541 1931 671 1990 cudodem
677 1931 749 2010 fidei
759 1931 822 1992 deus
838 1931 980 1990 custodiat.
1001 1950 1058 1990 eam
1074 1949 1142 2008 quae
1157 1949 1256 2007 seraper

153 2021 205 2098 pia
225 2021 263 2076 est
285 2015 514 2077 deusvcustodiat.
535 2020 602 2095 pia,
626 2017 786 2090 orthodoxa,
807 2019 1027 2096 praesentaria
1048 2021 1088 2076 est
1105 2015 1255 2090 haereticis,

158 2103 224 2162 deus
237 2119 295 2160 eam
309 2101 451 2161 metadiat.
472 2121 555 2160 earnes
566 2103 708 2161 haerete'eos
721 2108 752 2161 tu
763 2103 886 2183 fugasti.
907 2099 1059 2161 Nomentum
1072 2106 1098 2159 et
1114 2100 1257 2180 Eutychen

156 2193 188 2246 tu
206 2191 342 2265 persecuta
359 2205 393 2244 es.
425 2187 498 2246 ahsct
514 2188 621 2248 inuicta
643 2207 661 2245 a
681 2194 769 2246 uestro
784 2189 900 2266 imperio.
914 2188 1010 2265 fideles
1030 2191 1200 2264 impanatores
1217 2189 1258 2244 sic

156 2273 324 2332 hmuanlur.
351 2271 416 2329 daus
433 2271 565 2330 custodiat
580 2277 735 2350 potestatem
754 2278 884 2344 cosham,
903 2272 966 2331 deus
977 2272 1104 2350 pacificet
1120 2273 1257 2348 imperium

156 2364 280 2417 cedrum.
316 2355 481 2416 Marcianus
508 2377 592 2418 nouus
615 2356 821 2427 Constantinus,
858 2355 1002 2418 Pulcheria
1035 2375 1105 2414 noua
1133 2355 1254 2414 Heleia:
1270 2367 1293 2424 Ρ
1311 2370 1363 2426 217

156 2443 242 2502 selum
257 2440 376 2501 Helenae
401 2447 430 2500 tu
447 2443 567 2504 aaaron.
595 2448 685 2502 earm
704 2443 763 2502 uita
775 2443 905 2502 munimur
920 2446 1072 2501 cunctorum
1088 2445 1144 2499 est:
1165 2445 1257 2501 uestra

148 2525 496 2610 fidesccclesiarumgiorio
513 2534 560 2587 est.
773 2567 775 2570 -

240 2612 381 2672 Similibus
401 2613 623 2693 epiphonematis
643 2617 777 2692 personat
798 2616 860 2670 tota
877 2613 1004 2689 synodus
1028 2609 1180 2689 Cpohitaua
1201 2608 1265 2668 suh*

154 2697 243 2758 Meua
266 2699 425 2782 patriarcha
449 2705 479 2758 et
504 2699 659 2760 Iustiniana
685 2700 862 2777 imperatore.
883 2699 952 2775 quin
973 2702 1003 2756 et
1026 2698 1055 2755 iu
1075 2695 1258 2766 electionibus

154 2804 223 2842 usus
237 2790 298 2843 erat
315 2780 537 2863 ἓπιβοημάτων.
558 2786 589 2844 in
610 2783 689 2843 Actis
710 2783 893 2843 ordinationis
911 2783 1021 2859 Eradii,
1056 2801 1119 2840 cum
1139 2781 1216 2840 illum
1234 2781 1258 2839 S

155 2868 332 2947 Augustinus
344 2871 400 2929 iarn
414 2887 500 2930 senex
512 2872 589 2949 apud
604 2869 707 2928 clerum
718 2876 747 2929 et
756 2867 891 2950 populum
904 2877 1092 2928 successorem
1102 2867 1155 2926 sibi
1176 2867 1258 2944 dixit,
1311 2895 1314 2912 ·

154 2962 223 3034 port
241 2956 297 3012 ista
313 2955 466 3031 Augustini
479 2957 565 3016 verba
575 2957 754 3034 presbyterum
771 2955 906 3014 ffiadium
924 2954 992 3014 mihi
1005 2971 1174 3012 successorem
1188 2952 1257 3027 uolo,

154 3046 312 3116 sequantur
324 3041 392 3098 ista:
415 3060 433 3098 a
440 3043 539 3120 populo
554 3043 731 3102 acclamatum
747 3047 799 3112 er,
822 3041 1004 3117 deogratias,
1028 3039 1131 3098 Christo
1146 3039 1255 3106 laudess

155 3127 263 3185 dictum
284 3131 329 3184 est
347 3126 430 3184 vicies
446 3130 498 3186 ter.
526 3126 627 3187 maadi
655 3126 773 3200 Christe,
800 3127 952 3202 Augustino
982 3127 1052 3184 uita:
1080 3123 1185 3182 dictum
1210 3127 1256 3182 est

155 3213 246 3271 sexies
270 3212 378 3272 decies:
398 3215 425 3273 ts
448 3217 570 3289 patrem,
595 3218 622 3270 te
651 3213 804 3290 episcopum.
833 3211 939 3269 dictum
960 3216 1004 3269 est
1022 3209 1117 3267 octies.
1147 3227 1256 3288 cumque

155 3301 321 3375 reticeatur,
354 3297 524 3372 Augustinus
546 3302 683 3376 episcopus
708 3298 796 3374 dicit,
823 3315 876 3356 non
905 3315 970 3374 epus
995 3301 1034 3353 est
1051 3300 1207 3369 eleimon:
1236 3312 1256 3351 a

155 3385 270 3442 nolanis
294 3381 434 3454 scalenus,
459 3386 529 3442 sicia
563 3385 693 3453 cernitis,
712 3385 880 3460 excipiuntur
908 3399 976 3459 puae
1003 3380 1131 3452 dicimus,
1155 3381 1257 3456 reaccipi-¹

155 3475 239 3527 untur
266 3487 333 3546 quae
359 3466 467 3539 dicitis,·
494 3473 520 3526 et
546 3486 617 3527 meus
645 3485 726 3526 sermo
754 3473 779 3525 et
805 3471 907 3524 vestrm
927 3463 1129 3525 acclamationes
1150 3467 1181 3523 in
1202 3468 1255 3520 ter-

153 3572 214 3612 ram
244 3573 296 3612 non
319 3552 428 3612 cadunt.
463 3554 581 3632 apertius
602 3557 633 3612 ut
655 3551 757 3627 dicam,
785 3551 964 3610 ecclesiastiea
983 3571 1059 3610 *nunc
1083 3555 1161 3626 gesta
1190 3567 1255 3606 can-

147 3641 266 3718 fieimus.
301 3640 341 3696 sic
360 3640 429 3696 enim
449 3637 497 3696 hoc
516 3658 570 3696 esse
597 3643 724 3716 mantum
745 3636 781 3695 ud
806 3636 921 3696 hunincs
948 3638 1127 3716 confirmatum
1144 3632 1213 3692 uolo.
1235 3651 1255 3690 a

151 3724 251 3803 pupulo
265 3721 444 3781 acclamatum
464 3728 503 3781 est
524 3726 646 3798 trigesies
665 3724 765 3796 sessim,
796 3721 843 3779 deo
869 3725 992 3798 malias,
1022 3720 1126 3780 Christo
1150 3715 1253 3778 laudes.

155 3810 258 3867 exaudi
272 3806 387 3887 Christe:
409 3806 560 3885 Augustino
580 3809 655 3867 uita:
675 3807 781 3866 dictum
798 3812 844 3866 est
861 3807 1005 3866 tredecies.
1029 3811 1059 3863 et
1081 3801 1135 3862 sub
1155 3801 1254 3860 tinem:

155 3894 198 3953 hic
211 3894 278 3953 mihi
291 3896 453 3971 responsione
464 3898 552 3952 uestra
562 3911 625 3973 opus
638 3898 684 3952 est.
704 3899 803 3953 teneam
816 3896 1002 3972 responsionem
1018 3897 1144 3949 cedrum.
1158 3887 1189 3944 do
1204 3886 1255 3945 hoc

156 3977 414 4056 assationealipaid
427 3975 582 4040 declimate.
626 3999 644 4037 a
655 3977 754 4056 populo
772 3979 958 4052 acclamatum,
972 3978 1037 4054 flat,
1053 3975 1126 4054 flat:
1147 3973 1254 4031 dictum

155 4065 239 4122 vicies
250 4063 408 4139 quinquies.
449 4062 630 4140 dignumst,
651 4065 753 4122 iustum
775 4069 824 4141 est,
845 4064 950 4122 dictum
966 4059 1049 4118 vicies
1069 4059 1163 4118 octies.
1185 4059 1253 4137 flat,

148 4152 222 4226 fiat:
242 4149 349 4207 dictum
366 4153 467 4224 quater
488 4150 589 4208 decies.
631 4148 693 4207 olim
710 4148 828 4225 dignus,
850 4149 912 4207 olim
932 4149 1056 4206 meritus:
1086 4144 1192 4202 dictum
1212 4143 1254 4201 vi·

156 4235 212 4291 cies
236 4235 393 4310 quinquies.
425 4233 536 4294 'iudicio
551 4241 597 4293 tuo
613 4235 720 4310 gratias
735 4237 858 4310 agimus:
889 4233 995 4293 dictum
1020 4229 1165 4289 tredecies.
1207 4247 1256 4286 ea-

156 4319 226 4380 audi
253 4319 373 4400 Clade,
400 4317 535 4382 Erotium
563 4337 700 4382 cansam:
729 4319 835 4381 dictam
860 4317 947 4378 octies
973 4315 1086 4378 decies·
1117 4317 1195 4377 vides
1211 4313 1257 4372 hic
