3050 4924
259 337 285 406 ο
576 332 727 430 souma
752 317 1049 403 umorassmn

260 500 460 594 ἓγιγάνεικαὶ
481 505 627 594 βασιλειλς
646 503 773 596 ὕστερον
779 505 791 588 ,
821 505 924 593 μάγον
938 505 1133 590 δομέστικον,
1164 508 1362 597 πρῶτονμὲν
1432 533 1435 538 ’

222 607 438 678 aduocatum
450 619 494 704 τῷ
508 607 785 699 παννιτεροεβάοτρν
799 615 906 678 τοῦτον
919 609 1055 696 ἐποίησεν
1060 657 1071 691 ,
1095 609 1223 700 ὕστερον
1237 613 1270 678 δὲ
1282 613 1361 695 μετά

258 714 314 780 τὸν
337 711 474 782 θάνατον
497 715 593 782 αὐτοῦ
612 721 667 781 τοῦ
686 710 812 780 πάππον
826 710 994 798 άτιεβίβααε
1008 713 1043 780 τὸ
1060 714 1180 798 ἀξίωμα
1193 722 1248 780 τοῦ
1261 741 1359 782 πανο-

212 861 214 865 -
258 814 485 902 περσεβάοτοο,
509 822 561 886 καὶ
580 816 682 896 ἔταξεν
705 818 780 885 αὐτὸ
801 813 875 883 εἶναι
893 817 946 885 τὸν
956 818 1052 904 μέγαν
1064 819 1255 902 δομάστικον,
1283 818 1356 884 ἄνα-

257 917 394 1004 βιβάσας
411 921 446 988 τά
463 928 521 990 τοῦ
541 919 675 1009 μεγάλου
696 923 885 1006 δομεστίκοο.
936 922 1035 988 ἰστέον
1057 923 1161 988 δὲκαὶ
1182 929 1290 1002 τοῦτο,
1311 921 1378 988 ias
1428 1001 1431 1008 Ι

257 1021 472 1112 παρεχρήσατο
492 1031 532 1115 τῇ
550 1031 605 1092 von
623 1031 777 1109 σεβαστοά
791 1023 862 1116 άξίρ
876 1021 893 1090 ὅ
908 1024 1070 1110 Κομνηνὸς
1085 1024 1216 1103 Ἀλέξιος
1231 1032 1269 1114 τῇ
1285 1050 1355 1092 σον·

256 1127 344 1193 θέσει
358 1135 420 1194 τῶν
435 1127 733 1214 impetrassemus.
780 1130 923 1212 σεβαοτολ
937 1128 996 1216 γὰρ
1015 1129 1163 1195 ἀνέκαθεν
1178 1130 1356 1206 taceamus

256 1229 287 1295 oi
304 1236 441 1312 βασιλεῖς
459 1230 649 1317 ὠνομάζοντο
655 1280 666 1313 ,
691 1234 744 1324 καλ
759 1223 796 1316 ἦν
811 1228 1016 1311 ἓξιάιαζάντως
1031 1235 1074 1310 εἷς
1087 1233 1218 1314 βασιλέα
1231 1229 1354 1318 λεγόμε-

255 1358 308 1398 νον
325 1333 361 1400 τὸ
380 1340 437 1401 τοῦ
457 1342 609 1420 σεβαστοῦ
628 1334 743 1419 ὄνομα·
769 1335 861 1412 αὐτὸς
886 1336 920 1401 δὲ
941 1337 984 1413 εἰς
1002 1333 1038 1403 τὸ
1055 1332 1224 1423 κοινότερον
1238 1342 1356 1423 πρῶτος

253 1432 415 1524 κατήνεγκε
437 1438 492 1523 τὴν
514 1436 657 1525 τοιαύτην
672 1441 768 1517 ἀξίαν.
820 1435 916 1516 ἔξεστι
929 1439 962 1504 δὲ
974 1441 1025 1504 καὶ
1037 1449 1101 1517 τοῖς
1112 1445 1271 1522 βασιλεῦσι
1286 1466 1352 1505 και-
1365 1444 1400 1498 1⁰

253 1549 392 1624 europaeis
409 1544 460 1607 κοιλ
475 1539 642 1630 πράγματα
659 1545 710 1609 καὶ
728 1538 865 1625 ὀνόματα
885 1538 1063 1623 ἀκωλύτως,
1088 1546 1141 1610 καὶ
1161 1539 1356 1628 ἀναβιβάζειν

254 1645 306 1708 καὶ
323 1641 520 1729 ὑποβιβάζειν
535 1644 578 1725 ὥς
592 1643 763 1730 βούλοιντο.

163 1737 239 1798 1²18
356 1747 642 1838 πρωτοβεστιάριος.
690 1747 858 1835 σημείωσαι
884 1748 918 1815 di
938 1749 989 1814 atui
1008 1754 1117 1830 τοῦτο,
1142 1745 1189 1814 ὅτι
1212 1746 1358 1832 βασιλειλς

254 1848 388 1935 Μιχαὴλ
409 1859 471 1919 τῶν
488 1851 713 1940 Παλαιολόγων
732 1850 749 1918 ὅ
769 1859 889 1939 πρῶτος
902 1852 962 1918 o'ond
977 1858 1032 1918 τοῦ
1047 1857 1302 1940 πρωτοσεβαστοῦ
1317 1849 1357 1916 τά

252 1949 390 2040 πράσινον
401 1952 524 2043 ἀφελών
531 2004 541 2036 ,
568 1955 585 2022 ὅ
603 1957 683 2022 ἔστιν
701 1956 821 2038 ἀξίωμα
836 1952 884 2041 ιγ’,
910 1952 1035 2045 ἓφάρεσε
1049 1963 1147 2022 ταῦτα
1162 1958 1205 2033 εἷς
1217 1953 1271 2020 τὸν
1285 1953 1352 2019 άνε-
1364 1967 1399 2024 15

252 2055 330 2140 ψιὸν
353 2058 450 2126 αὐτοῦ
470 2060 603 2145 Μιχαὴλ
626 2059 680 2125 τὸν
704 2055 940 2145 Ταρχαναάτην,
973 2055 1105 2142 τιμήσας
1127 2053 1356 2144 πρωτοβεστιά-

254 2180 338 2246 ριον·
364 2157 400 2227 ὃν
422 2165 473 2228 καὶ
493 2160 676 2250 ὑπερέχοντα
688 2161 827 2242 πάντων,
847 2167 905 2228 τοῦ
918 2189 950 2228 τε
965 2160 1100 2247 μεγάλου
1113 2162 1290 2244 δομεστίκοο
1304 2163 1356 2225 καὶ

253 2268 311 2328 soii
333 2265 637 2354 πανοπερσεβάστοα,
663 2267 784 2350 ἐποίησε
803 2265 882 2350 μετά
907 2265 961 2331 τὸν
981 2267 1139 2354 Καίσαρα.
1188 2261 1356 2348 ὖιιεβιβασε

254 2365 289 2430 dt
309 2363 401 2433 πάλιν
420 2377 528 2435 τοῦτον
543 2366 559 2434 ὃ
572 2368 717 2452 βασιλεὺς
735 2366 924 2456 Ἀνδρόνικος
938 2375 1000 2435 τῶν
1014 2363 1239 2453 Παλαιολάγωα
1253 2363 1269 2433 ὁ
1285 2362 1357 2432 tat-

251 2493 355 2556 τερος,
374 2469 424 2538 ὅτε
437 2472 490 2539 τὸν
502 2472 755 2558 Καντακοοζηνόν
762 2469 921 2556 Ἰωάννην,
941 2469 983 2550 ὡς
996 2471 1135 2560 άνωτάρω
1148 2471 1353 2558 προλέλεκται,
1362 2482 1399 2538 20

212 2573 373 2658 Βίτάμησε
397 2577 493 2663 με’γαν
515 2577 708 2660 δομάστικον·
734 2576 897 2659 ἀνεβίβασε
922 2576 955 2640 δὲ
979 2574 1071 2641 αὐτὸν
1092 2581 1147 2640 τοῦ
1171 2599 1203 2639 τε
1228 2569 1355 2639 maianus

251 2678 301 2740 καὶ
323 2681 474 2760 βασιλέως
494 2679 629 2764 ἀνεψιῶν
636 2727 646 2759 ,
675 2677 787 2746 ἑαυτοῦ
812 2680 846 2744 δὲ
869 2680 980 2757 θείων,
1011 2679 1062 2742 καὶ
1088 2673 1198 2764 ἑτάρων
1222 2675 1357 2762 πάντων,

252 2782 305 2844 καὶ
328 2781 425 2848 αὐτοῦ
446 2784 485 2869 δὴ
510 2790 566 2850 τοῦ
588 2779 877 2873 πανυπερσεβάστοο
907 2783 957 2847 καλ
984 2786 1041 2868 τοῦ
1065 2782 1355 2870 πρωτοβεατιαριόο.

319 2955 435 3018 deind?

249 3129 310 3167 num
319 3153 328 3184 ,
354 3117 401 3186 qui
415 3126 477 3188 post
492 3118 571 3177 etiam
587 3119 732 3192 imperator
746 3117 810 3188 fuit,
829 3116 918 3188 magni
933 3115 1069 3173 domestici
1086 3115 1230 3173 honoribus
1246 3131 1355 3187 sugens,

240 3183 359 3254 primum
377 3191 511 3258 aequalem
528 3191 593 3246 fecit
609 3191 875 3260 Panhypsrsebasto:
893 3189 988 3241 deinde
1004 3196 1189 3257 postmortem
1206 3187 1251 3242 avi
1266 3188 1355 3255 digni-

249 3260 330 3306 tatem
352 3253 594 3330 Panhypersebsati
617 3261 781 3330 postposuit,
806 3258 951 3330 statuitque
975 3265 1005 3310 ut
1028 3260 1077 3312 sub
1099 3275 1139 3310 ma
1160 3276 1193 3310 no
1210 3257 1355 3311 domestico

240 3332 337 3392 esset,
365 3338 458 3384 avecta
482 3331 570 3402 magni
595 3329 732 3383 domestici
757 3328 894 3398 dignitate.
935 3325 1068 3382 sciendum
1093 3335 1120 3381 et
1141 3275 1208 3394 iou,
1234 3325 1356 3379 Alexium

250 3391 411 3450 Commenum
429 3400 530 3454 sebasti
547 3399 678 3468 dignitate
695 3401 804 3451 ebusum
822 3415 894 3463 esse,
922 3397 1027 3466 quando
1050 3398 1101 3450 duo
1126 3395 1173 3449 illa
1198 3396 1303 3448 nomina
1326 3396 1356 3448 in

250 3476 329 3514 unum
355 3467 492 3522 conflavits
520 3487 580 3522 nam
605 3467 784 3538 superioribus
808 3465 920 3519 saeculis
943 3465 1045 3519 sebasti
1070 3483 1164 3518 nomen
1187 3465 1356 3535 imperatoris

251 3530 396 3599 epithetum
419 3547 489 3605 erat,
515 3555 626 3608 eumque
646 3536 755 3607 proprie
771 3537 936 3604 designabat.
971 3543 1000 3590 at
1016 3535 1068 3588 iste
1083 3534 1195 3588 nominis
1211 3536 1287 3588 buius
1305 3534 1355 3588 ho-

250 3614 340 3654 norem
357 3605 456 3673 primus
473 3608 647 3676 vulgatiorem
665 3613 693 3659 et
708 3607 908 3658 communiorem
925 3605 1001 3658 fecit.
1035 3605 1083 3657 sad
1103 3602 1223 3656 nimirum
1239 3604 1356 3675 impara-

248 3667 352 3724 toribus
368 3673 411 3728 ius
429 3681 471 3728 est
486 3679 586 3748 absque
604 3675 738 3728 obstaculo
756 3693 805 3744 pro
822 3673 934 3728 arbitrio
951 3681 979 3727 et
995 3689 1075 3727 vocas
1091 3673 1223 3743 novandi,
1245 3679 1273 3727 at
1288 3689 1356 3743 quos

248 3737 341 3793 volunt
357 3745 536 3814 anteponendi
552 3753 580 3800 st
597 3746 783 3815 postponendi.
1230 3757 1232 3762 ⁴

317 3808 551 3868 Protoveatiarius.
587 3816 700 3867 observa
725 3821 755 3867 et
777 3814 838 3866 boe.
873 3811 1019 3881 inperator
1041 3809 1171 3880 Micbaal,
1199 3810 1297 3881 primus
1321 3827 1357 3866 ax

248 3873 427 3950 Palaeulogis,
450 3883 538 3938 ablata
555 3902 571 3937 a
586 3884 790 3949 Protosebasto‚
811 3898 879 3950 quaa
896 3887 938 3934 est
956 3881 989 3935 13
1006 3879 1136 3962 dignitas,
1153 3881 1261 3951 prasina
1275 3881 1356 3934 indu·

250 3955 339 4000 menta
361 3951 496 4006 transtulit
513 3955 547 4006 ad
563 3951 720 4006 Michaelem
737 3950 942 4005 Tarcbaniotam
958 3967 1060 4003 sororrs
1076 3967 1141 4004 suae
1157 3950 1254 4018 filium,
1278 3968 1356 4004 erea-

248 4019 304 4067 tum
322 4020 369 4072 abs
386 4038 416 4074 sa
434 4021 682 4092 protovestiarium3
703 4039 780 4090 quem
797 4020 875 4073 etiam
893 4017 1028 4088 omnibus,
1046 4021 1139 4087 magno
1155 4019 1247 4072 itidem
1263 4021 1356 4072 dome-

248 4084 362 4159 stico-et
378 4091 641 4161 panhypersebasto,
658 4099 769 4160 excepto
788 4096 877 4143 tamen
892 4089 1024 4157 Caesare,
1042 4089 1177 4154 antetulit3
1200 4105 1276 4158 quem
1294 4105 1355 4142 aar·

249 4171 295 4206 sus
317 4157 432 4213 subiecit
452 4161 597 4231 imperator
613 4159 777 4213 Andronicus
794 4176 827 4212 ex
843 4157 1009 4226 Puiaeoiogia
1027 4158 1077 4213 hoo
1094 4159 1199 4211 nomino
1215 4157 1356 4226 saoundus,

248 4225 354 4294 quando
375 4227 499 4283 loannem
516 4231 743 4294 Cantaouaenum,
768 4235 798 4282 ut
814 4243 894 4312 supra
911 4227 1023 4294 dictum,
1048 4244 1168 4297 magnum
1185 4225 1356 4284 domesticum

248 4295 359 4349 creavit.
395 4298 490 4352 extulit
505 4317 571 4353 vero
588 4313 646 4353 eum
665 4306 693 4352 et
710 4315 789 4368 supra
805 4313 851 4350 avr
865 4295 1032 4366 imperatoris
1046 4313 1165 4351 sororum
1178 4296 1261 4363 filios,
1276 4311 1353 4348 suos-

247 4378 300 4432 qus
317 4367 462 4423 avunculos
468 4407 477 4439 ,
502 4376 530 4424 st
545 4386 626 4442 supra
643 4385 733 4424 omues
749 4366 831 4437 alios,
849 4383 900 4420 aon
918 4365 1165 4438 paanyperaabasto
1182 4374 1211 4422 at
1227 4373 1354 4438 protove-
