2942 4916
526 299 574 372 IN
591 299 740 370 CODINI
767 299 851 372 eir.
882 301 928 370 V.
1215 297 1289 372 253

178 469 225 538 ¹de
236 465 406 528 einsiderat
414 482 448 524 c
462 468 494 544 7,
506 463 555 526 ubi
568 465 688 528 Vossius
704 468 847 545 emerit,
859 461 923 526 loco
935 460 1206 543 nulgetae'leoiiouie
1219 485 1292 528 cuce

184 557 278 616 morit.
294 552 348 612 etsi
361 551 392 612 in
400 547 510 612 Latinis
523 556 672 632 ruuuncric',
683 555 825 627 ccumun'i,
837 553 973 612 muudi
984 551 1066 613 lectio
1080 552 1165 612 etiam
1176 551 1291 612 defendi
1358 571 1363 584 ‘

184 638 296 721 possit,
318 638 385 714 quin
402 637 534 716 sagmarii
552 657 656 700 nomen
677 639 754 698 varie
773 637 843 698 varii
864 643 1051 717 corruperunt
1072 644 1103 697 et
1124 637 1162 698 ad
1182 637 1292 698 idiotis-
1357 638 1364 657 ‘

182 743 262 784 mum
277 742 361 787 suum
373 723 547 784 inflexenmt.
568 722 634 786 binc
651 724 681 784 in
694 723 787 784 libello
805 724 843 782 de
854 722 994 784 miraculis
1014 724 1046 784 S.
1073 721 1217 802 Udaln'ci,
1237 741 1292 783 uec

182 809 338 888 ineleganti
354 811 385 868 et
398 809 468 868 sab's
489 801 626 890 antiqub,
644 809 738 886 inquit
752 806 939 870 casaubonus
955 810 985 868 in
1002 806 1197 888 Lampridium
1215 809 1293 868 obtu-

183 895 272 954 lerunt
294 893 327 954 de
345 913 406 954 cero
425 901 551 974 puuctum
570 916 640 956 uuus
651 895 738 978 sortis
752 897 905 957 caucaseos
924 900 1033 975 portare
1046 897 1145 975 potuit.
1177 893 1295 954 deducit

182 979 260 1040 idem
273 978 458 1039 casaubonus
473 982 628 1058 sagmarios
642 999 661 1040 u
674 987 807 1059 equote,
818 986 849 1042 et
860 984 952 1052 recte3
973 986 1003 1039 at
1015 997 1111 1058 cogno
1126 978 1168 1038 uit
1184 997 1248 1038 esse
1260 979 1293 1038 id

183 1065 254 1145 puod
268 1069 383 1126 iumento
394 1069 546 1146 inponitur,
567 1071 600 1127 ut
611 1066 717 1127 molirier
726 1067 806 1128 uelut
819 1072 848 1126 et
864 1069 921 1124 sinc
933 1084 1004 1125 nucu
1015 1086 1077 1125 oco.
1090 1063 1181 1141 ἅψαι
1193 1083 1291 1141 cuguu

181 1171 203 1210 u
215 1150 302 1209 ullu.-
322 1166 386 1212 nun
402 1156 661 1233 scgmupropn'ecct
673 1154 745 1232 quod
760 1153 886 1214 inmeritis
901 1169 981 1211 onero
1000 1150 1183 1211 baiulantibus
1201 1152 1289 1230 impo-
1303 1152 1328 1209 P
1344 1155 1398 1210 2⁰6

181 1238 276 1306 rutum
296 1235 364 1296 sellu
384 1255 509 1317 equorum
528 1244 568 1297 cst
581 1238 624 1298 cel
637 1238 751 1298 uberum
770 1235 949 1306 cumulum,
971 1237 1065 1316 quitus
1078 1235 1154 1318 leuco
1176 1235 1291 1299 celitur.

182 1321 286 1381 dicitur
297 1321 383 1381 eiiam
397 1317 474 1404 σαγή
484 1327 637 1400 εὶσαςιια,
653 1324 730 1399 qnod
740 1321 880 1400 significat
893 1339 976 1380 cume
989 1321 1195 1400 operimentum
1211 1319 1291 1397 quod

180 1405 313 1466 inmeritis
326 1407 485 1486 imponitur.
505 1409 570 1468 vide
584 1405 745 1469 casaubon.
763 1409 802 1467 ad
814 1405 960 1485 Lamprid.
981 1406 1031 1466 iol.
1049 1407 1122 1472 321.
1144 1406 1197 1464 sed
1211 1406 1290 1484 prior

180 1492 349 1570 significatio
362 1494 456 1571 potior
471 1499 524 1554 esc
566 1494 667 1554 Graeci
680 1497 798 1554 flectunt
812 1486 912 1575 colypc
931 1493 988 1554 cori
1003 1484 1170 1571 σάγματος,
1190 1487 1289 1550 Latini

178 1597 416 1741 ἕξὲαἱαςωες
439 1598 507 1660 puae
522 1586 643 1660 compte
654 1581 736 1658 uulgo
746 1580 845 1647 dicitur
857 1577 974 1654 culmus,
991 1576 1085 1655 inquit
1097 1575 1197 1638 isidor.
1213 1576 1288 1642 l20
1376 1607 1379 1616 ⁴

267 1683 284 1722 ο
347 1721 348 1726 ¹
411 1682 413 1686 .

249 1758 315 1846 ibid.
331 1754 506 1844 ctoppdccoe]
532 1759 622 1818 sinon
644 1757 750 1846 porciu
776 1763 979 1844 cumoeuctorec
1002 1753 1133 1828 cumeris,
1153 1753 1290 1814 anecd·

52 1865 59 1894 “
178 1828 680 1970 ttt’nttilltstdtttitt
704 1826 1288 1968 :flattffiutl‘uttidltilt

179 1974 209 2022 et
225 1968 289 2021 alios
307 1968 334 2020 in
350 1967 441 2021 ordine
456 1969 643 2038 compositurus
661 1972 735 2021 extra
752 1969 854 2022 chorum
873 1968 949 2024 salto.
983 1966 1189 2038 conquerebatur
1202 1980 1287 2034 popu-

179 2037 221 2091 lus
235 2037 263 2089 in
279 2054 291 2091 s
310 2036 431 2090 ectaculis
446 2054 533 2092 coram
548 2037 703 2108 imperaturo
720 2037 753 2090 de
769 2037 911 2108 calopodio
923 2035 1094 2092 cubicularios
1111 2030 1287 2089 uutouddcov
1332 2039 1337 2046 '

180 2112 267 2160 autem
284 2053 367 2176 &uod
384 2105 429 2160 alii
443 2106 618 2162 καλαπόᾶιον
634 2106 813 2178 pronuntiant)
831 2115 922 2178 typum
939 2107 1099 2162 calcearium
1116 2104 1173 2158 sivo
1191 2104 1286 2174 pedem

179 2176 316 2248 ligneum,
334 2191 385 2244 quo
402 2181 503 2231 sutores
518 2182 639 2241 utuntur,
655 2175 759 2232 indicat.
793 2193 849 2230 cum
865 2192 930 2229 vero
947 2174 1117 2245 Calepodium
1135 2171 1285 2227 denomino

178 2257 232 2298 non
248 2243 358 2298 auderet
374 2244 483 2315 populus
500 2243 603 2311 dicere,
620 2261 669 2298 nec
685 2261 714 2298 se
730 2261 889 2314 cognoscere
904 2243 1058 2298 internuntio
1075 2242 1227 2297 mandatore
1239 2258 1286 2295 re·

179 2312 319 2383 sponderet
334 2313 489 2384 imperator,
506 2313 659 2378 exclamavit
675 2313 797 2384 populusr
816 2309 832 2368 d
850 2312 1024 2368 πλεονεκτῶν
1039 2328 1091 2382 με,
1116 2310 1282 2379 τρισαύγου-

178 2397 241 2451 cce,
257 2377 299 2444 εἰς
314 2377 351 2435 eol
366 2378 519 2452 τζαγγάρια
533 2379 703 2453 εὑρίσκεται,
720 2381 902 2446 Keionddcoe
918 2381 1044 2440 munuum.
1077 2380 1138 2436 vide
1148 2375 1284 2434 Iustiniani

178 2455 267 2508 aetate
282 2452 452 2524 imperatores
468 2451 518 2508 iem
534 2451 635 2522 mangis
647 2466 717 2505 usos.

262 2557 329 2618 ibid.
366 2550 422 2632 cole
446 2550 627 2640 προκύψας.
658 2556 771 2616 dubitet
798 2553 940 2616 licursius
960 2572 1028 2616 num
1051 2552 1103 2613 viri
1132 2550 1227 2631 docti,
1255 2551 1288 2612 id

177 2647 224 2702 est
246 2639 362 2721 Iunius,
389 2637 545 2724 πρόκυψιν
570 2646 649 2704 recte
669 2646 783 2702 verunt
805 2647 957 2703 oratorium.
997 2640 1023 2700 si
1048 2658 1107 2700 nou
1127 2643 1204 2698 reete
1224 2655 1289 2697 ver-

178 2732 263 2805 tunt,
284 2749 334 2788 cur
349 2747 408 2788 nou
418 2727 516 2788 melius
530 2729 600 2808 quid
617 2727 770 2810 suggeris?
789 2728 814 2787 si
839 2727 967 2788 voculam
984 2727 1075 2806 ipsam
1092 2725 1174 2786 nimis
1194 2741 1290 2801 gram-

179 2811 282 2872 matice
302 2833 421 2892 urgeas,
447 2811 606 2896 πρόκυψις
625 2835 684 2876 nou
713 2820 758 2876 est
783 2815 952 2892 oratorium,
980 2812 1033 2872 sed
1060 2809 1139 2870 locus
1163 2811 1288 2870 eminen-

180 2897 254 2974 tior,
280 2898 357 2956 unde
379 2899 532 2977 imperator
554 2901 690 2979 eminere,
717 2901 878 2980 prospicere
905 2904 936 2960 et
958 2902 1141 2978 prospectare
1159 2913 1214 2954 ¹uem
1235 2895 1287 2954 de

79 2975 86 2988 ⁸
178 2986 310 3060 spectare
329 2989 451 3061 poterat
478 2985 504 3044 si
520 3004 581 3046 rem
600 2987 693 3064 ipsam
712 2986 934 3062 consideremus,
954 2979 1111 3066 πρόκυψις
1130 2985 1176 3041 est
1195 2985 1287 3040 uoto-

157 3072 268 3141 -ru‘um,'
300 3069 367 3144 quia
391 3068 469 3130 locus
505 3070 552 3131 ille
582 3072 644 3130 sine
673 3071 760 3130 dubio
794 3090 853 3130 nou
881 3074 944 3130 erat
977 3088 1013 3128 eo
1053 3067 1212 3126 destinatus
1251 3069 1285 3125 ut

179 3152 334 3230 imperator
345 3154 412 3213 iude
421 3160 533 3215 tantum
542 3158 727 3236 prospiceret,
742 3157 793 3214 sed
807 3161 841 3214 ut
853 3157 894 3214 rei
908 3154 1018 3214 divinae
1032 3160 1061 3211 et
1074 3153 1202 3232 precibus
1215 3167 1287 3227 quo-

180 3254 238 3313 que
250 3236 402 3298 fundendis
416 3260 533 3322 operam
547 3243 635 3304 daret
656 3243 733 3304 undc
744 3241 781 3302 ab
792 3242 919 3302 oratione
931 3239 986 3299 illic
1002 3235 1062 3300 fieri
1075 3237 1288 3300 solite'orotorit'

179 3321 333 3402 appellatio
347 3322 409 3386 loco
423 3327 549 3388 accessit.

249 3418 287 3472 ib.
303 3434 331 3478 v.
340 3420 407 3504 '145
419 3419 562 3508 ejotppoie]⁸
574 3423 802 3544 ‹pulsummnrune‘
812 3425 840 3478 et
849 3421 908 3507 ovile
921 3418 1089 3489 τξαγγαᾳίου
1105 3433 1198 3502 nomen
1214 3413 1285 3487 opud

181 3489 317 3557 Graecos,
332 3487 465 3558 stuppae,
479 3510 574 3560 enen*
597 3509 697 3558 rgurcre
713 3495 817 3548 honorus
837 3492 912 3545 trtulo
935 3490 1059 3553 donetur,
1084 3488 1187 3542 uubcue
1209 3493 1286 3542 ector

130 3588 134 3604 ι
178 3564 297 3612 vocetur.
330 3574 363 3611 an
378 3573 430 3612 non
445 3559 512 3612 licus
528 3576 630 3629 semper
645 3558 710 3612 ficus
728 3565 755 3612 ct
771 3561 868 3629 scapha
880 3555 1000 3628 scapha?

250 3654 610 3731 ib.v.15.rrueddrcoolov]
629 3679 651 3714 ω
667 3659 696 3714 iu
713 3676 748 3714 oo
772 3665 923 3714 commutato
946 3675 1000 3712 vox
1021 3655 1113 3720 πῶλος
1134 3654 1210 3708 alteri
1231 3653 1284 3708 cd-

179 3729 266 3784 toccu
280 3728 453 3782 diminutivum
470 3731 530 3800 quid
546 3748 647 3802 semper
663 3736 752 3792 souat3
768 3729 826 3782 hinc
842 3725 1039 3784 nordo'noolov
1051 3727 1205 3790 molossus,
1215 3740 1283 3793 puer·

180 3800 349 3866 boumurc‘us,
381 3804 458 3870 prout
478 3801 594 3871 superius
615 3795 647 3855 cd
674 3794 848 3854 olerdnocton
869 3804 897 3853 et
920 3789 1152 3854 attrectamus
1166 3809 1282 3866 purum

180 3871 317 3940 aquilum,
331 3885 446 3940 porcum
461 3869 593 3925 domiuum
608 3871 710 3926 reierre
725 3869 820 3924 dictum
837 3873 886 3924 est

264 3975 332 4036 tbtd.
358 3973 455 4034 lunius
471 3974 548 4054 legit,
563 3980 619 4040 coci
641 3974 813 4058 semmuro
844 3967 943 4052 turbe,
972 3977 1003 4032 et
1030 3968 1095 4029 huic
1117 3975 1199 4028 suae'
1215 3967 1285 4027 scri-

181 4065 285 4142 pturae
297 4059 367 4120 mira
382 4059 532 4138 phasmata
544 4062 723 4142 superstruit,
736 4061 916 4123 adverbum:
937 4060 1060 4119 verbbrc'i
1071 4053 1141 4134 quod
1156 4056 1283 4114 attolus

181 4145 341 4228 (nempein
356 4146 470 4206 cerebro
479 4144 566 4227 lunii)
586 4150 767 4210 cimeteria.
795 4153 827 4208 et
846 4165 912 4209 mox
932 4144 989 4205 tria
1008 4142 1136 4202 ccctcirrio
1154 4138 1281 4218 adducit,

180 4235 338 4294 subudum
351 4231 465 4312 proprie
480 4233 615 4296 dictuma
628 4239 723 4313 veste,
743 4241 774 4292 et
785 4232 946 4294 vatianum
960 4228 1053 4290 miuus
1067 4226 1179 4308 proprie
1192 4246 1279 4304 capc-

181 4322 264 4398 siov,
289 4322 321 4382 ct
337 4317 498 4383 tuburum
511 4318 667 4385 outduim
688 4318 804 4404 polodi,
832 4335 884 4404 per
902 4314 1075 4382 oomcmesin
1086 4332 1144 4376 seu
1158 4309 1277 4376 ebusum
