3050 4924
252 333 300 380 nn
545 312 714 380 Gonnus
740 311 795 378 dl)
821 310 1060 380 LECTOREM.

250 521 280 575 et
302 511 327 572 si
346 511 461 590 quando
477 511 589 571 defectu
603 507 717 571 alicuius
740 515 825 572 notae
843 509 1029 590 laboraveris,
1049 509 1153 590 lector,
1184 511 1223 573 ad
1238 531 1352 594 praece-

125 619 130 628 '
249 617 375 692 dentem,
396 632 469 691 quae
484 614 557 676 vices
570 613 629 672 eius
643 611 795 692 supplebit,
815 632 932 675 recurre.

333 715 373 775 Et
402 735 438 776 ne
466 717 530 794 quis
557 721 640 798 putet
667 732 713 774 me
737 715 806 774 data
829 734 915 795 opera
939 714 1066 776 Gretseri
1088 731 1232 778 censorem
1256 733 1351 795 agere,

249 820 343 897 ipsum
361 817 435 878 iuter
454 822 484 877 et
503 835 549 877 me
570 815 721 896 quemlibet
740 822 896 878 statuamus
916 816 1066 897 arbitrum,
1100 816 1150 894 qni
1180 817 1218 876 de
1237 815 1351 876 feliciori

248 926 344 980 textus
371 918 546 998 expositione
576 917 716 978 diiudicet
772 925 802 978 et
823 919 948 998 quamvis
968 919 998 978 in
1019 919 1146 979 Gretseri
1165 919 1289 980 savorem
1309 919 1351 978 se-

247 1029 326 1082 ratur
342 1021 498 1100 sententia,
518 1039 577 1081 non
593 1019 678 1080 debui
693 1028 857 1102 perceptum
876 1042 895 1084 a
913 1040 958 1082 me
979 1039 1209 1088 novumsensum
1225 1027 1351 1102 praeter-

248 1125 380 1204 mittere,
412 1141 497 1201 quam
517 1121 567 1200 qui
590 1122 778 1184 Codinianum
804 1131 911 1186 textum
941 1123 1041 1203 legerit
1060 1125 1256 1203 emendatum,
1290 1141 1349 1184 nou

248 1227 360 1306 longius
374 1226 509 1304 requiret,
528 1243 592 1294 cum
614 1225 700 1286 oculis
720 1226 812 1286 subsit
832 1225 1011 1288 inversionis
1031 1227 1164 1305 margine.

332 1329 436 1390 Parum
456 1345 542 1405 sane,
568 1325 634 1389 lieet
648 1326 790 1406 nonnihil,
810 1326 965 1406 splendoris
979 1328 1092 1390 Codiuo
1108 1325 1298 1404 contulissem,
1325 1329 1350 1386 si

247 1433 278 1492 in
303 1430 365 1494 solo
386 1437 466 1492 textu
493 1429 538 1490 vel
562 1430 622 1489 eius
644 1429 772 1496 versione
799 1431 972 1492 restituenda
998 1437 1110 1512 tempus
1136 1429 1349 1510 impendissem:

250 1532 350 1612 debui,
381 1534 458 1612 quod
478 1551 581 1612 operae
605 1533 726 1613 pretium
748 1538 811 1592 erat
832 1538 862 1594 et
886 1535 977 1613 operis
991 1535 1045 1594 erit
1061 1533 1168 1596 utilitas
1180 1536 1211 1591 et
1224 1529 1347 1592 obleeta-

248 1640 390 1714 mentum,
410 1640 444 1696 ut
462 1635 577 1714 ignotos
590 1634 959 1696 recentiorum‘Graecorum
976 1655 1083 1715 mores,
1113 1636 1155 1696 ita
1174 1633 1348 1695 Godinianae

247 1737 378 1797 dictionis
394 1736 540 1798 abstrusos
553 1741 584 1798 et
597 1738 756 1798 reconditos
771 1755 871 1796 sensus
884 1731 1031 1818 claudere,
1051 1737 1195 1814 catalogos
1210 1734 1247 1792 de
1260 1733 1347 1794 eoele-

246 1840 306 1900 siae
325 1839 371 1899 vel
391 1839 488 1919 palatii
502 1832 678 1919 officialibus
693 1858 728 1900 ex
740 1837 849 1918 Regiae
870 1839 915 1904 vel
935 1839 1047 1904 illustris
1067 1839 1228 1902 marnae
1248 1835 1348 1897 biblio-

247 1941 346 2002 thecae
360 1941 505 2007 'codicibus
525 1962 584 2002 mss
603 1943 672 2004 alios
695 1961 729 2002 ac
748 1943 863 2003 omnino
883 1942 1007 2006 diversos
1021 1942 1160 2021 proferre,
1191 1941 1262 1999 ritus
1277 1938 1348 1998 istos
1438 2007 1446 2020 1

243 2044 322 2104 velut
339 2040 452 2122 regulas
472 2044 553 2104 factis
572 2049 603 2104 et
615 2043 758 2124 ,exemplis
785 2045 967 2122 confirmare,
1001 2043 1037 2105 de
1053 2061 1117 2104 meo
1138 2041 1241 2102 referre
1257 2038 1355 2120 pauca

243 2146 289 2206 vel
310 2147 398 2206 ferme
420 2143 505 2224 nihil,
533 2164 552 2205 a
574 2164 621 2208 me
637 2145 726 2207 relata
744 2151 847 2208 cuncta
860 2145 905 2207 vel
921 2146 1035 2206 Graecis
1052 2143 1235 2224 scriptoribus
1254 2141 1299 2202 vel
1313 2142 1347 2202 iis

243 2250 293 2328 qui
315 2251 380 2318 viva
400 2266 470 2308 voce
496 2248 653 2308 docuerunt
678 2249 824 2310 ascribere.
867 2248 968 2328 quodsi
993 2247 1058 2310 mihi
1074 2247 1158 2314 fidem
1178 2265 1236 2308 non
1262 2245 1348 2304 saciat

242 2370 316 2430 quae
338 2352 398 2411 fade
424 2349 552 2416 laborare
578 2349 697 2412 Graecia
722 2349 925 2433 praesumitur,
954 2351 980 2411 si
1001 2369 1094 2412 meum
1114 2347 1305 2410 testimonium
1317 2347 1348 2405 in
1371 2403 1377 2409 .

242 2453 430 2532 suspicionem
452 2453 558 2530 veniat,
580 2453 629 2531 qui
649 2453 709 2514 fleri
726 2460 824 2534 potest
845 2460 877 2514 ut
898 2459 957 2517 tam
973 2452 1055 2516 multi
1072 2459 1201 2516 martores
1222 2452 1253 2512 in
1271 2449 1347 2510 notis

242 2555 280 2612 ad
297 2553 408 2632 singula
427 2555 522 2634 capita
541 2555 657 2616 adiectis
676 2558 840 2620 mansam
861 2557 964 2636 prolati
988 2558 1044 2618 lide
1065 2562 1181 2634 vacent,
1213 2559 1265 2616 aut
1284 2552 1347 2631 quis

242 2675 340 2714 eorum
360 2657 496 2734 suffragia
515 2659 634 2719 voluerit
655 2659 685 2718 in
707 2660 823 2722 dubium
839 2657 962 2722 vocare?

325 2757 423 2818 Unum
448 2764 539 2818 restat
563 2761 641 2837 quod
665 2779 813 2835 moneam,
836 2761 968 2838 *primm
995 2765 1081 2840 caput
1106 2759 1144 2818 de
1172 2753 1359 2818 officialibus.

152 2839 157 2850 ¹
241 2877 360 2936 magnae
379 2859 510 2922 ecclesiae
524 2849 582 2922 nou
598 2861 665 2924 mihi
681 2859 770 2920 videri
785 2859 896 2922 Codiui.
937 2863 1015 2922 oiim
1034 2860 1191 2922 sententiae
1209 2839 1347 2920 rationem

192 3002 195 3011 ι
241 2961 399 3040 subiungo,
426 2964 555 3024 nimuum
570 2963 729 3040 catalogum
749 2963 783 3024 in
802 2982 858 3040 quo
876 2960 1045 3026 officialium
1066 2962 1181 3020 nomina
1200 2978 1347 3020 recensen-

243 3069 306 3142 tur,
337 3064 488 3145 areliquis
510 3067 614 3127 Codini
639 3065 776 3145 capitibus
798 3065 911 3144 saepius
935 3065 965 3122 iu
985 3061 1083 3141 Regiis
1103 3081 1163 3122 mss
1182 3061 1346 3122 distinctum

242 3167 366 3245 reperiri.
413 3173 462 3296 etq
470 3169 612 3250 integrum
641 3167 844 3248 opusabsque
865 3166 995 3244 catalogo
1014 3166 1045 3225 in
1069 3184 1122 3226 sua
1145 3170 1223 3225 recto
1247 3165 1346 3226 ordine

182 3307 187 3317 ι
241 3270 335 3348 capita
352 3271 452 3332 videre
468 3277 514 3333 est
529 3271 725 3346 distributum
753 3271 831 3350 qaod
846 3276 877 3330 et
896 3270 950 3351 ipsi
970 3268 1071 3352 nuribus
1087 3286 1156 3343 usus
1167 3272 1213 3326 est
1228 3265 1346 3326 Gratas-

240 3391 289 3430 rns
309 3371 495 3451 comprobant
513 3375 632 3434 codioes.
674 3393 738 3436 cum
755 3378 851 3436 tamen
874 3374 905 3432 in
920 3371 1062 3434 Codinutn
1076 3371 1243 3450 scriptorem
1260 3367 1344 3448 pleri-

240 3493 296 3554 que
318 3477 457 3554 referaut,
498 3476 567 3556 quia
597 3475 739 3538 Codinum
762 3482 899 3555 agnoscat
926 3480 1071 3556 parentem
1098 3489 1158 3534 nou
1177 3469 1289 3534 invideo
1303 3468 1345 3550 *).

238 3577 309 3638 alios
322 3577 386 3658 ipso
399 3577 547 3656 ampliores
564 3580 638 3642 iuter
654 3585 738 3639 notas
754 3577 887 3658 adiungo.
929 3578 1006 3658 ipsas
1025 3576 1111 3642 etiam
1123 3579 1206 3638 notas
1218 3573 1346 3653 utrisque

239 3698 274 3742 aa
293 3681 349 3741 toti
367 3679 471 3740 Codini
486 3683 565 3761 operi
578 3681 653 3742 volui
666 3699 816 3761 connexas,
838 3687 871 3742 ut
892 3681 1013 3742 auctoris
1026 3679 1170 3744 arridente.
1182 3682 1263 3740 textu
1283 3677 1343 3736 eius

239 3782 379 3861 expositio
399 3778 504 3842 dullum
521 3783 573 3842 tibi
595 3783 735 3864 relinquat
754 3785 847 3846 animo
871 3784 1051 3872 dubietatem
1094 3781 1236 3844 Gonnum
1256 3780 1344 3857 igitur
1386 3817 1388 3822 ·
1516 3821 1517 3852 r

237 3881 347 3960 plenius
370 3902 403 3944 ac
419 3883 530 3964 integre
549 3888 639 3967 magis
660 3887 840 3970 explanatum
856 3888 977 3972 suspice,
1000 3892 1031 3949 et
1044 3884 1224 3967 integerrima
1243 3881 1311 3943 vale.

274 4075 307 4157 *l
321 4090 357 4147 ef·
375 4095 497 4196 Gretser.
512 4112 680 4162 commentar.
699 4106 831 4170 1⁸1oxtr.

679 4371 886 4380 -—-—-
