2942 4916
235 301 310 376 nul
388 297 596 369 GRETSERI
613 297 669 366 ET
687 293 820 366 GOARI
835 293 1171 364 COMMENTARIUS

237 466 301 534 ρίου
340 463 460 533 ρυυριλρ,
477 460 549 518 cuius
565 459 602 514 ibi
618 457 732 530 resima,
747 456 877 529 rapacitas
893 460 921 512 st
936 457 964 512 in
980 457 1097 514 sontibus
1111 457 1249 530 puniendis
1264 461 1336 512 etro·

235 535 300 588 citas
315 482 474 588 discribitur.
509 529 561 584 alie
576 535 713 583 occurrunt
729 527 799 599 apud
815 533 932 580 auctores
948 537 1116 599 argumente,
1139 528 1183 582 ubi
1200 527 1234 581 de
1250 529 1337 582 vindi-

235 604 324 658 candis
340 601 478 658 sceleribus
495 616 585 656 sermo.
619 614 744 653 annonem
761 597 787 649 in
804 597 868 656 urbe
883 597 1053 666 providebat,
1071 602 1097 650 et
1113 597 1227 672 pretium
1243 614 1277 650 ne
1290 615 1337 650 ex·

237 674 340 726 cederet
355 673 461 740 figebat.
497 668 613 722 Zonaras
630 681 718 720 rursus
733 667 759 719 in
776 665 936 735 Tbeopluilor
955 662 1031 730 douc
1047 661 1165 720 ἕκαστον
1176 667 1234 720 τῶν
1244 660 1335 722 ὠνίων

236 737 421 820 πιττράστρται
437 733 677 807 ἐπολυπραγμόνει
692 732 743 790 cul
756 727 933 792 ἐπυνθάνετο
942 773 959 808 ,7
975 733 1025 790 sori
1041 731 1069 789 ai
1084 737 1191 790 πολλοῦ
1205 731 1270 790 ruod
1287 753 1334 790 ττι-

236 806 416 878 ττρασιιόμενα
432 802 555 874 εὕρισκεν
595 801 647 861 τὸν
661 799 785 890 ἔπαρχον
797 801 860 890 roupi
875 801 983 858 rodono
1000 800 1143 874 ἀνέκρινε,
1166 803 1217 860 cul
1241 796 1262 875 ἢ
1284 823 1336 858 ec·

194 921 197 925 .
236 875 415 948 ταγινιόσιιων
429 874 531 932 τούτου
548 846 635 930 &uos
650 874 702 944 τῆς
718 873 840 956 αρχῆςῃ
863 865 1038 958 ἐπιπλήττων
1061 870 1200 944 διώρθου.
1234 873 1336 945 reliqna

235 948 400 1073 eius99mnnia
422 948 480 1002 fuse
500 945 663 1016 prosequitur
682 943 782 1014 liologa
806 948 884 997 ortatu
911 943 978 998 luns
997 943 1051 998 Gn
1070 947 1130 999 tom.
1153 945 1171 999 2
1189 961 1219 1016 p.
1243 943 1278 1000 85
1301 943 1336 999 86

237 1027 264 1071 ei
316 1056 325 1074 .
1298 1029 1300 1034 ’

323 1152 351 1211 p.
368 1131 411 1196 86
424 1147 449 1188 v.
466 1129 514 1194 11.
535 1125 616 1212 Lego
630 1129 692 1190 ocio
707 1121 852 1210 στιρέτων
869 1145 921 1208 pro
935 1129 995 1192 coin
1012 1129 1124 1210 uuordo
1132 1170 1143 1204 ,
1164 1143 1229 1186 cnm
1251 1124 1337 1188 Glos-

236 1215 318 1276 sario.
339 1214 427 1275 facilis
440 1213 534 1276 meruli
548 1213 627 1292 origo
640 1213 703 1276 fuit.
989 1225 996 1238 “

305 1337 369 1390 ibid.
386 1337 443 1392 τιλν
458 1329 603 1405 empireo]
630 1351 683 1388 non
706 1349 783 1388 noum
809 1332 888 1388 inisse
913 1333 990 1403 Cpoll
1014 1327 1144 1404 oiupsr'oo
1169 1331 1269 1404 arguit
1285 1351 1337 1388 vox

237 1406 414 1462 multitudinis.
446 1401 546 1476 μικρόν
570 1405 674 1474 reperio
700 1403 780 1458 inim
810 1403 982 1472 patriarchae,
1014 1403 1047 1458 de
1074 1420 1126 1473 quo
1151 1403 1337 1473 Enobologinm

237 1480 352 1530 nostrum
366 1482 393 1530 et
411 1475 543 1530 cedrenus
559 1473 587 1526 in
603 1474 781 1544 copronymor
805 1466 856 1536 τὰς
872 1465 901 1526 ἒν
917 1491 956 1544 τῳ
974 1489 1061 1545 μιιρω
1078 1489 1196 1543 σειιρετφ
1212 1489 1264 1526 του
1281 1489 1336 1526 ιτα-

238 1544 397 1613 τριαρχείου
413 1539 524 1606 εἰκόνας
540 1537 589 1596 διὰ
606 1541 741 1612 ψηφίδων
757 1535 841 1603 οὔσας
856 1535 1016 1614 κατέβαλεν.
1050 1542 1146 1610 inquo
1165 1540 1240 1594 etiem
1256 1541 1338 1594 Nice-

238 1615 345 1684 phorum
374 1613 533 1667 Botoniotem
558 1611 729 1682 obrysobulon
759 1609 920 1681 synodalibus
944 1610 1055 1665 decretis
1077 1610 1257 1664 confirmandis
1283 1611 1337 1663 edi·

238 1682 306 1734 disse
322 1682 403 1734 refert
418 1681 595 1748 Bullengerus.
629 1687 686 1734 emt
703 1678 860 1748 privatarum
876 1687 1010 1746 secretum,
1025 1679 1068 1732 ubi
1087 1681 1285 1733 mmmbnntnr
1297 1680 1337 1732 in—

238 1755 377 1805 strumenta
388 1757 416 1804 et
425 1750 495 1807 urbis
509 1751 575 1817 iura,
592 1750 686 1836 dequo
697 1750 832 1806 nmmos
844 1748 879 1803 'ed
898 1749 1014 1804 Murcum
1032 1749 1203 1820 patriarcham
1220 1765 1293 1818 resp.
1304 1749 1338 1802 92

238 1815 441 1887 earcorpoulo
458 1813 488 1873 ἒν
510 1820 554 1942 ozi
573 1835 690 1891 σεαρετφ
714 1820 771 1873 τῶν
794 1814 951 1895 οἱκειαιωλν.
986 1826 1043 1872 erat
1065 1826 1093 1872 et
1114 1818 1289 1889 publicarum,
1311 1817 1339 1871 in

237 1903 289 1958 qno
310 1887 460 1959 publicare
479 1907 526 1942 one
546 1897 628 1955 untur.
664 1889 697 1942 de
714 1889 763 1944 hoc
781 1889 925 1955 cedrenus,
942 1888 1089 1953 thnzes,
1107 1887 1152 1941 ubi
1171 1887 1203 1940 de
1222 1886 1340 1940 Monen-

237 1957 363 2024 besiotis,
385 1965 412 2011 et
435 1909 496 2024 alii,
524 1959 625 2028 hocque
648 1958 737 2012 vocari
760 1957 811 2010 τοῦ
832 1957 944 2039 νενικοῦ
960 1959 1087 2026 generale
1103 1973 1120 2010 e
1137 1955 1298 2026 curopalate
1313 1956 1339 2008 in

238 2027 327 2078 Leone
342 2026 430 2080 Basilii
447 2027 547 2096 quidam
564 2033 705 2082 autument.
740 2025 808 2080 aiud
831 2031 923 2080 rtemm
946 2027 1057 2079 observo
1082 2025 1109 2078 in
1132 2025 1280 2094 praetorio,
1307 2024 1339 2077 de

239 2111 291 2164 quc
308 2096 481 2166 Theophanes
496 2097 525 2148 in
540 2097 647 2150 Phocus
669 2090 700 2149 oi
718 2091 752 2150 di
767 2090 899 2164 ττρασινυι
916 2089 1019 2167 ἔβαλον
1034 2091 1147 2161 curipale
1163 2090 1196 2148 sd
1215 2089 1339 2163 πραιτῶ·

239 2181 318 2232 ριον,
335 2161 384 2218 uoci
401 2159 523 2232 ἔκαυσαν
539 2159 572 2220 τὸ
588 2159 718 2235 σιιιρὲτσν
733 2163 782 2230 uui
798 2158 835 2220 soi
850 2162 960 2232 σαρίνια
975 2161 1024 2220 ναὶ
1040 2159 1092 2228 τὰρ
1107 2159 1247 2233 φυλακάς.

307 2274 343 2329 ib.
361 2291 389 2342 v,
406 2274 448 2330 λλ.
466 2273 598 2348 βασιλικῷ
613 2269 732 2346 ὁρισμῷ]
790 2275 846 2329 ἱλισι
863 2291 914 2328 non
931 2293 965 2329 ex
982 2274 1088 2342 offisro,
1104 2273 1151 2328 sed
1167 2291 1201 2346 ex
1215 2273 1339 2347 principis

237 2343 373 2398 'voluntate
385 2345 426 2397 ius
441 2343 469 2396 in
487 2343 573 2415 eliqua
590 2361 668 2399 causa
685 2291 790 2400 decurii
803 2344 968 2400 committitur
985 2345 1134 2402 coeuntes.

323 2459 359 2518 ib.
381 2477 408 2518 v.
433 2457 643 2536 locutionem
662 2465 712 2522 eet
730 2466 845 2525 senaim
870 2459 1028 2521 secretioris
1045 2458 1170 2540 consilii,
1197 2459 1247 2538 qni
1270 2458 1343 2518 Ger-

239 2544 328 2604 manis
344 2545 474 2622 gricinus
485 2545 558 2608 roll.

322 2671 359 2730 ib.
381 2688 408 2729 v.
431 2673 481 2735 18.
507 2672 677 2732 domesticus
694 2671 861 2750 scholarum]
883 2671 995 2732 scholae
1015 2672 1130 2732 fuemnt
1150 2672 1291 2749 undecim,
1308 2668 1341 2731 L.

237 2754 288 2812 ult.
303 2756 364 2813 cod.
379 2757 415 2813 de
435 2755 487 2816 loc
509 2761 539 2814 et
559 2759 713 2836 conducto,
733 2758 764 2816 id
785 2763 831 2816 est
851 2759 962 2816 ordines
982 2757 1171 2838 palatinorum
1189 2758 1343 2816 officiorum

239 2840 276 2897 ad
294 2841 466 2917 capessenda
489 2841 665 2920 imperatoris
683 2842 770 2900 iussa¹
786 2843 951 2902 vacantium.
980 2848 1010 2902 et
1040 2843 1163 2902 omnium
1182 2843 1342 2922 praefectus

66 2937 71 2951 ‘
124 2927 142 2957 ¹*
238 2925 393 2984 dorrresticus
407 2926 556 2984 sciolorum
573 2927 602 2984 in
615 2927 675 2985 iure
689 2929 808 3008 dicitur,
829 2934 862 2986 nt
879 2934 908 2986 et
922 2929 1000 3008 apud
1020 2927 1161 2987 Zonaram
1181 2929 1343 2988 Cedrenum

239 3016 268 3066 et
283 3008 361 3069 alios.
382 3011 501 3070 Wolfius
521 3011 612 3069 minus
627 3031 692 3070 vere
710 3014 796 3082 vertit
810 3014 993 3073 domesticum
1010 3013 1167 3094 legionum,
1186 3013 1217 3072 in
1237 3013 1343 3072 Basilio

113 3155 126 3181 ο
238 3093 394 3154 Macedone
418 3101 448 3153 et
469 3094 599 3156 Romano
614 3095 766 3176 Lacapeno
788 3098 925 3158 Zonarae.
960 3097 1030 3160 haee
1050 3100 1155 3159 Iunius.
1182 3099 1222 3159 de
1240 3098 1343 3159 scholis

240 3181 379 3254 videndus
395 3181 525 3240 Cuiacins
545 3180 613 3241 adl.
631 3187 670 3246 12
684 3183 787 3243 codicis
802 3183 973 3245 Iustinianei.

311 3328 353 3386 ⁴p.
367 3309 409 3372 37
422 3307 492 3374 nit
521 3308 655 3388 Barungi]
679 3311 822 3372 detortum
843 3330 879 3372 ex
898 3309 1004 3372 Latino
1016 3311 1120 3388 Angli,
1141 3311 1195 3370 nisi
1215 3310 1296 3376 malle
1311 3327 1345 3369 ex

239 3390 350 3454 blood.
372 3393 426 3453 hos
442 3395 555 3455 habitos
575 3415 639 3456 esse
655 3417 707 3475 pro
723 3416 844 3476 maguae
857 3397 922 3456 lidei
943 3397 1124 3474 custodibus,
1144 3395 1189 3458 vel
1207 3398 1274 3458 inde
1295 3415 1347 3476 ap-

135 3491 155 3542 p
173 3492 226 3548 210
243 3484 325 3556 paret
338 3480 416 3557 quod
433 3481 472 3554 ad
492 3480 567 3542 fores
580 3482 670 3561 ipsius
682 3482 855 3563 imperatorii
872 3483 1010 3544 conderis
1026 3484 1157 3544 excubias
1169 3487 1297 3561 agerent

308 3615 464 3689 Βάρανρσι]
488 3618 649 3691 imperatoris
679 3622 807 3681 satellites
833 3629 864 3679 et
882 3623 944 3678 belli
969 3623 1034 3678 sccii
1060 3641 1093 3680 ex
1119 3624 1212 3692 Anglie
1233 3623 1262 3677 in
1283 3619 1346 3676 Ori-

240 3693 302 3743 ente
324 3689 470 3744 militantes.
502 3697 593 3744 auctor
626 3685 782 3762 'Ipylrotooi
808 3694 920 3764 Anglico
947 3692 1082 3763 loquentes
1105 3692 1246 3748 introducit
1270 3710 1295 3744 o.
1320 3691 1347 3746 7.·

240 3757 376 3814 Britannos
396 3759 457 3812 sive
480 3758 580 3828 Anglos
604 3760 755 3830 bipennibus
775 3772 892 3818 armatos
907 3763 1001 3817 amerit
1016 3763 1150 3818 mentiens
1167 3762 1276 3816 Nicetes
1294 3760 1349 3816 Η

239 3827 329 3912 isoncii
348 3828 440 3897 Angeli
458 3845 549 3890 versus
565 3830 659 3884 finem:
686 3827 701 3886 ὁ
720 3832 776 3886 τῶν
792 3827 992 3898 πελειιυφόρων
1008 3828 1157 3901 κατάρχων
1174 3829 1349 3899 Βρεττανῶν,

240 3891 289 3959 ocio
307 3898 359 3950 νῦν
377 3895 446 3966 puel
461 3892 618 3966 Ἰγρλίνους.
653 3915 729 3970 porro
748 3901 814 3958 idem
832 3908 873 3956 ast
889 3897 1036 3970 Boioupycv
1053 3919 1085 3956 cc
1100 3896 1292 3969 τελειιυφόρον
1308 3898 1347 3952 le-

239 3983 317 4033 gere,
344 3984 399 4020 cum
424 3967 557 4035 Burangos
577 3985 628 4022 non
644 3968 821 4039 infrequenter
838 3970 990 4042 bipennibus
1010 3971 1151 4025 instructos
1168 3971 1285 4024 referant
1300 3985 1348 4022 nn·

240 4040 324 4088 olores
346 4035 407 4089 olibi
431 4036 598 4104 producendi.
642 4039 728 4092 Thule
753 4041 889 4106 oriundos,
913 4039 936 4100 si
959 4045 1044 4094 tumen
1069 4045 1111 4092 est
1134 4039 1212 4094 lectio
1237 4039 1347 4102 sincera,

239 4103 370 4185 comnena
387 4103 478 4158 scribit
492 4105 510 4158 l.
529 4108 561 4160 λι
586 4097 619 4170 irs
635 4107 686 4174 τῆς
705 4104 813 4177 &cuine
830 4102 1002 4176 Βαράγγουρ.
1039 4109 1186 4171 Gemnnos
1203 4114 1288 4164 minen
1304 4121 1347 4160 as·

239 4183 304 4224 sent
319 4172 428 4226 Nicetas
445 4172 471 4226 in
490 4173 579 4228 Alexio
598 4176 632 4228 λι
658 4171 732 4237 nurci
752 4173 790 4232 soi
812 4173 958 4242 ἆνάιιτυρα
977 4174 1149 4244 συλληφθεὶς
1167 4173 1216 4232 καὶ
1232 4173 1347 4244 φρουρεῖ

238 4239 410 4326 ὃιυληφλλελρ
427 4243 592 4326 ζἐρμανῶν,
616 4241 645 4300 ci
661 4241 830 4315 κατωμαδὸν
846 4243 911 4310 τους
925 4241 1122 4314 ἕτεροστόμουτ
1138 4241 1260 4307 nulium
1279 4223 1346 4296 cisi·

239 4325 352 4380 χυυσιν,
368 4318 506 4380 coccione
521 4307 624 4383 ἔμενεν.
659 4317 811 4384 usterimum
828 4318 872 4374 bio
888 4317 1009 4390 apposuit
1024 4313 1151 4384 Wolfins,
1173 4313 1242 4385 qnod
1258 4313 1342 4370 lorus
