2958 4918
301 285 376 358 soe
462 284 740 356 aususausus
755 259 1272 370 cornucouuouusnrusf

183 466 192 482 ·
300 447 459 572 cmguderiss
482 449 532 524 qut
544 450 614 505 enim*
627 450 694 519 ato,
720 463 816 522 prave,
835 450 881 522 qui
898 448 1012 518 tardius,
1030 447 1127 506 scribit
1135 463 1241 523 qnoque
1255 448 1350 505 restim
1370 453 1392 503 et
1452 433 1453 448 ¹

297 519 346 572 niti
364 520 413 573 ius.

367 606 393 659 p.
411 589 442 643 11
460 605 487 644 v.
507 591 549 646 17.
572 581 652 644 ὅίπλ
669 590 727 644 τῶν
741 583 933 658 ύναμνήσεων]
951 588 1136 656 memorialem,
1153 605 1230 660 quem
1310 587 1391 640 ‘tran

297 657 436 712 momoriae
452 663 530 712 vocat
547 658 648 729 Imperii
664 657 779 726 Notius,
797 665 871 728 putat
880 659 1010 714 Μουσεῖον
1020 659 1174 722 institutum,
1197 664 1227 711 ut
1240 658 1284 710 fau
1302 656 1391 708 ahenas
1452 699 1453 706 ,

296 743 384 784 aarum
400 727 444 796 qui
464 727 571 780 militiae
588 733 632 781 aut
650 727 709 780 alibi
726 727 827 781 fortiter
842 745 870 782 se
889 730 1030 796 gessissent
1047 726 1194 797 imperatori
1204 733 1392 796 sugges-aretae
1452 733 1453 742 ¹

296 795 416 864 praemiis
435 797 636 850 cohonestsndos
653 797 817 858 admouerets
836 798 983 867 clarumque
993 796 1143 863 istiusmodi
1159 796 1239 850 officii
1256 811 1288 848 se
1306 811 1392 864 reppe-

296 864 363 918 risse
382 865 478 932 gaudet
497 870 682 920 monumentum
699 873 753 918 tum
772 867 841 934 epud
862 873 991 920 auctorem
1008 883 1032 919 c.
1054 866 1086 932 5,
1104 871 1156 918 tum
1173 865 1243 936 apud
1264 863 1391 932 Agathino

295 932 313 985 f.
330 932 365 999 4,
380 932 420 988 his
437 935 541 988 verbius
561 929 591 988 έκ
610 930 741 1006 destituor
751 937 791 999 coi
802 931 951 1002 Ῥονοτίκφ
967 930 1036 1020 έχων
1052 927 1203 1004 έπίταχμα,
1231 928 1275 1001 ἐφ’
1295 921 1319 1003 ᾧ
1337 929 1390 984 “mo-

294 998 347 1055 στσί
372 1021 401 1056 τε
428 999 464 1058 τύ
482 1000 636 1071 ποιούμενα
653 1000 693 1065 είς
710 999 741 1059 τὰ
759 999 872 1076 ἀκριβὲς
890 1004 1058 1090 διαχχελλειν
1074 1000 1170 1057 καὶτὸ
1189 1003 1244 1056 τῶν
1264 1018 1390 1069 στρατιω-

293 1071 350 1124 τοῑν
369 1065 434 1133 τούς
453 1067 648 1140 ἀριστεύοντας
665 1076 725 1134 τοῖς
745 1073 892 1144 βασιλείοις
906 1073 1006 1140 eoscos
1022 1074 1267 1141 φιλοφρονεῖσθαι.
1305 1075 1333 1122 at
1349 1085 1391 1120 non

292 1141 393 1193 suricum
417 1143 467 1194 boc
491 1149 533 1196 est
552 1141 706 1196 memorialis
727 1159 830 1206 munus,
852 1142 897 1214 qui
919 1141 952 1196 ds
974 1141 1089 1195 omuibus
1116 1141 1149 1194 ad
1170 1140 1391 1210 rempublicamet

292 1209 432 1280 principem
449 1211 639 1279 spectantibus,
663 1211 814 1282 depublico
834 1210 901 1264 bono
919 1210 1087 1278 adaugendo,
1115 1211 1276 1264 removendis
1301 1210 1390 1269 incoa-

292 1279 405 1349 aredis,⁸
418 1279 706 1350 puniendis-sceleribus
724 1297 805 1350 aeque
823 1298 854 1333 ec
870 1279 966 1334 virtute
985 1278 1170 1348 compensanda
1188 1279 1269 1348 ipsum
1288 1293 1390 1330 commo-

291 1363 355 1400 nere
374 1365 405 1402 ac
425 1365 583 1402 commovere
607 1366 681 1402 susce
700 1349 727 1402 it.
762 1367 812 1402 non
837 1349 1018 1418 repudiandum
1041 1348 1100 1400 huic
1119 1349 1263 1401 sententiae
1282 1347 1390 1400 testinn-

291 1415 360 1470 uium
377 1417 471 1487 promit
491 1418 622 1470 Cedrcnus
639 1418 665 1470 in
682 1368 797 1482 iustine,
824 1419 869 1471 ubi
887 1421 1034 1487 praefectus
1052 1416 1123 1470 urbis
1140 1417 1267 1486 loquiture
1294 1432 1389 1484 σνχχω-

294 1486 376 1552 ρείτω
397 1503 432 1553 με
452 1479 469 1554 ἡ
490 1486 613 1556 βασιλεία
631 1503 682 1540 σον
700 1483 872 1556 εἰσέρχεσθον
891 1484 962 1552 πρός
975 1503 1005 1540 σε
1032 1481 1306 1547 destituamini
1328 1480 1389 1552 ciri-

292 1571 380 1607 κοντα
396 1551 614 1624 ὑπομιμνήσκειν
629 1551 662 1608 τὰ
677 1552 781 1618 κράτος
795 1573 863 1624 σου,
883 1555 932 1610 καὶ
951 1555 1054 1627 βεβαιῶ
1072 1551 1141 1624 μετὰ
1158 1550 1317 1621 τριάκοντα
1332 1549 1388 1621 ἡμε-

291 1623 351 1688 ροῖν
369 1618 407 1692 μὴ
427 1621 603 1690 εύρίσκεοθαι
617 1619 668 1679 τὸν
686 1621 841 1678 ἀδικοῦντα
857 1617 879 1693 ἢ
897 1619 1099 1694 ἀδικούμενον
1116 1620 1144 1678 εἰ
1160 1620 1194 1676 δέ
1212 1641 1254 1685 τις
1269 1618 1390 1692 ὑπομνή-

292 1707 334 1743 σει
350 1692 417 1758 περί
431 1698 507 1756 τινος
520 1688 682 1758 ὑποθέσεως
700 1684 734 1764 ἧς
754 1690 863 1765 ἤκουσα
880 1686 933 1764 ipsi
948 1689 997 1748 καλ
1015 1687 1068 1751 ούκ
1092 1688 1257 1763 lissitanae,
1279 1694 1389 1762 κεφαλι·

292 1759 349 1823 κοῖς
364 1759 604 1832 τιμωρηθήσομαι.

361 1849 396 1906 ib.
416 1866 442 1904 v.
463 1853 504 1904 18.
542 1844 557 1902 d
575 1845 737 1920 depictiones
752 1850 809 1906 τῶν
832 1844 956 1921 τειχέων]
977 1865 1054 1918 reges
1082 1848 1201 1906 censufas
1225 1851 1389 1920 imperatores

289 1915 368 1970 muris
386 1913 464 1971 urbes
480 1918 590 1972 cinxisse
607 1939 657 1974 non
672 1923 846 1990 infrequenter
858 1919 982 1989 faginom
999 1919 1124 1973 bellorum
1143 1920 1222 1973 duces
1245 1919 1326 1972 'etiam
1347 1919 1389 1970 hcc

287 2001 354 2040 onus
373 1988 539 2056 assumpsisse
559 1988 677 2042 Belisarii
692 1989 863 2058 Nemesisque
881 2005 923 2041 res
936 1994 1025 2056 gestae
1036 1987 1142 2042 docent:
1162 1987 1266 2042 mansus
1276 1989 1329 2041 hoc
1339 1995 1387 2040 stu·

287 2054 355 2106 dium
375 2055 408 2108 ad
430 2054 501 2124 ipsos
519 2057 619 2110 urbium
632 2057 755 2128 populos,
774 2076 806 2111 ac
824 2059 923 2112 demum
938 2057 1019 2126 piebis
1038 2059 1170 2127 expensis,
1190 2073 1258 2110 navo
1278 2075 1297 2110 a
1308 2058 1388 2110 Leone

286 2122 377 2176 Isaura
396 2123 515 2201 imposito
528 2125 641 2190 tributo,
667 2143 791 2196 nusquam
808 2134 891 2180 tamen
907 2127 1026 2197 deinceps
1045 2127 1188 2188 exstincto,
1218 2128 1294 2179 fuere
1320 2123 1388 2195 Cpofi

285 2190 419 2314 seui
438 2193 620 2316 „bueus
636 2196 736 2318 usu
754 2189 1033 2320 uetustus
1049 2191 1205 2317 {reu
1225 2189 1388 2317 usust

226 2323 228 2328 ’
284 2331 328 2399 τῷ
351 2299 413 2402 λαῷ
437 2327 481 2386 ὅτι
505 2264 525 2386 d
544 2281 661 2395 είςεύξλκ
678 2281 966 2403 έιιωίιοτύεΐττέιχίίιττηείῖίχ
988 2281 1281 2411 ιιετίύαι.ωύῗί’ταῂ’μεί;
1304 2282 1387 2401 πρέσ-

285 2394 336 2451 ετύ
353 2418 420 2468 αμεν
435 2403 496 2463 τοῖς
532 2407 684 2472 rosenensis,
708 2401 755 2457 uui
781 2399 947 2457 ἀπαιτοῦσιν
968 2398 1009 2464 εἰς
1023 2396 1076 2456 τὸν
1096 2399 1206 2456 κανόνα
1225 2399 1388 2468 dietarium,

283 2468 445 2537 μιλιαρίσιν.
481 2469 528 2524 καί
548 2469 683 2543 λαμβάνει
703 2467 772 2526 αύτὸ
794 2468 814 2540 ἡ
837 2471 973 2544 βασιλεία,
997 2469 1047 2524 καὶ
1064 2469 1149 2534 κτίζει
1165 2465 1202 2524 τὰ
1225 2471 1314 2540 τείχη.
1349 2465 1386 2523 έν-

283 2538 387 2593 τεύθεν
403 2528 454 2592 οὖν
472 2535 658 2610 ἐπεκράτησεν
675 2537 694 2609 ἡ
712 2538 852 2611 συνήθεια
871 2540 961 2594 didaco
980 2535 1017 2594 coi
1041 2535 1174 2607 δικέρωτα
1200 2544 1261 2601 τοῖς
1283 2540 1385 2608 διοικη-

281 2609 355 2669 ταῖς.
389 2625 421 2661 ac
435 2608 495 2662 iude
510 2610 620 2664 forsitan
636 2611 762 2664 emanavit
777 2609 877 2682 pariter
892 2615 922 2662 ut
937 2625 1063 2662 murorum
1081 2607 1228 2679 praefectus
1239 2608 1384 2662 instituere·

281 2683 340 2728 turc
358 2681 421 2730 tuuc
434 2677 500 2731 enim
519 2678 625 2747 primum
646 2680 772 2746 occurrit,
789 2681 816 2732 in
834 2679 908 2732 Theo
928 2679 1010 2739 bane,
1025 2677 1134 2730 Nicetes
1148 2677 1251 2748 quidam
1270 2680 1384 2732 Anthrax

282 2739 379 2814 ἅρχων
393 2747 446 2799 τού
460 2746 582 2815 τείχους,
600 2745 660 2816 qui,
678 2753 707 2800 ut
720 2767 753 2802 ex
768 2747 842 2804 dictis
853 2749 887 2802 de
915 2747 1034 2802 umestim
1051 2748 1140 2820 petet,
1161 2747 1320 2822 domesticus
1333 2760 1384 2800 mu-

282 2829 371 2867 rorum
389 2831 440 2878 uon
453 2815 541 2886 inepte
558 2821 645 2886 potest
662 2817 751 2872 scribi.

351 2900 388 2953 ib.
406 2916 432 2954 v.
454 2901 496 2954 19.
525 2897 779 2972 inconsideratos
796 2901 848 2956 τού
864 2902 1007 2974 κοιτῶνος]
1035 2901 1122 2972 praeci
1141 2918 1187 2955 uus
1215 2901 1382 2956 cubiculario·

281 2981 339 3020 rum
360 2985 390 3020 ac
408 2969 475 3021 sacri
490 2970 600 3024 cubiculi
617 2973 778 3041 praefectus,
808 2971 879 3024 cuius
897 2989 981 3025 curam
1001 2976 1028 3024 et
1043 2920 1183 3024 custodiam
1204 2975 1381 3040 παρακοιμω-

255 3084 260 3096 ,
280 3033 356 3108 με’νςο
368 3039 514 3107 suppositus
526 3041 698 3095 demandatam
715 3042 801 3094 hebet.
825 3041 873 3093 'ite
890 3048 979 3094 auctor
995 3041 1052 3110 ipse
1066 3041 1135 3094 infra
1153 3058 1175 3093 c.
1195 3039 1222 3094 5.
1240 3041 1381 3094 lectumet·

280 3105 334 3158 iam
348 3123 435 3159 somno
455 3109 579 3176 capiendo
595 3125 626 3162 ac
643 3109 790 3181 imperatori
802 3117 880 3164 noctu
895 3109 1061 3164 custodiendo
1079 3110 1107 3162 iu
1120 3110 1325 3164 sacro'cubiculc
1337 3111 1380 3162 ha·

281 3174 369 3228 buisse
385 3182 487 3229 constat
502 3195 535 3230 ex
552 3179 638 3232 Leone
650 3180 823 3232 Grammatico
835 3180 861 3232 in
875 3179 1001 3232 Mitbeefe
1011 3178 1150 3262 Tbepphifi
1165 3178 1234 3231 filio:
1250 3175 1381 3266 ’λχνύτιος

280 3238 315 3295 δέ
332 3243 493 3314 κοιτωνίτης
508 3242 642 3300 ἆπελθων
658 3249 710 3302 τού
726 3252 831 3302 κλεῖσαι
875 3243 902 3301 ’ν
917 3246 1012 3314 θύραν
1028 3265 1080 3300 τον
1095 3248 1229 3308 κοιτῶνος
1244 3265 1309 3312 soce
1327 3248 1380 3301 dss-

185 3348 188 3358 ·
279 3310 470 3383 οτραμμένην,
483 3313 530 3368 καί
548 3311 690 3384 ύποχνούς
708 3265 916 3386 έκαθέσθηἻπλ
933 3319 983 3386 τῆς
1007 3317 1115 3384 κλίνης,
1138 3315 1238 3370 τίλλων
1253 3316 1306 3379 τὰς
1327 3314 1380 3384 τρί-

279 3399 332 3452 χας
351 3377 447 3437 αύτού.
481 3385 533 3438 τού
552 3381 734 3508 δέίχλασιλέως
749 3383 841 3441 ύπνον
857 3382 975 3460 θανάτῳ
992 3381 1188 3454 παραπλήσιον
1206 3382 1380 3455 κοιμωμένου

613 3450 750 3524 ειοςμετοὶ
768 3454 825 3510 ’καλ
852 3449 953 3522 ἕτέρων
975 3450 1027 3516 τοὶς
1051 3451 1143 3522 θύρας
1166 3449 1300 3525 ἀνέῳξεν.
1334 3450 1379 3508 καί

279 3447 397 3519 οίθρύως
416 3446 510 3507 itudo
527 3455 585 3508 Βασ

277 3517 403 3594 ἔμφοβος
420 3516 541 3588 ἐξελθών
553 3519 687 3592 ’Ῑχνσίτιος
705 3520 872 3579 οῗντέπιπτεν
893 3523 1024 3593 Βασιλείφ
1040 3519 1077 3592 μὴ
1089 3521 1237 3576 είοελθεΐν.
1274 3526 1378 3578 curabat

276 3590 320 3642 bic
336 3591 496 3661 imperatoris
515 3593 628 3647 defuncti
644 3610 745 3663 corpus.
780 3593 845 3646 idem
864 3593 919 3646 Leo
936 3594 1012 3664 paulo
1024 3593 1105 3646 infra:
1126 3588 1267 3647 ἀπέστειλε
1279 3590 1312 3646 δέ
1325 3596 1377 3645 Βα-

275 3660 375 3723 σίλειος
389 3658 437 3713 καλ
454 3662 568 3714 Παύλον
587 3663 751 3731 κοιτωνίτην
770 3663 821 3716 τού
839 3655 1007 3730 ένταφιύσαι
1028 3656 1079 3714 τὸν
1101 3660 1226 3732 Μιχαήλ.
1262 3659 1376 3716 Callicri-

275 3729 356 3784 uitem
374 3730 595 3798 προκαθήμενον
613 3733 665 3786 τού
681 3733 814 3794 κοιτῶνος
831 3737 955 3786 memorat
975 3732 1168 3784 Ceutacuzenus
1187 3736 1202 3786 l
1222 3733 1265 3788 19.

266 3849 269 3856 ·
345 3817 381 3869 ih.
399 3834 425 3869 v.
442 3819 485 3870 20.
503 3810 518 3869 ὁ
533 3813 751 3904 προκαθήμενος
770 3817 822 3872 τοῦ
841 3816 1008 3889 βεστιαρίοο]
1031 3817 1063 3870 (λε
1081 3816 1203 3872 vestiario
1215 3817 1373 3887 Hesychius:

277 3882 434 3956 βεστιοίριον
448 3882 535 3946 τύπος
550 3879 581 3939 έν
598 3874 621 3956 ᾦ
639 3904 675 3939 τα
692 3882 820 3956 χρήματα
837 3886 967 3941 τίθενται
986 3884 1034 3940 καλ
1047 3881 1083 3940 coi
1097 3883 1194 3973 ίμύτια
1207 3888 1259 3939 τού
1269 3886 1373 3942 κοινοῦ.

274 3963 304 4006 ut
323 3959 410 4008 vestes
428 3959 561 4017 asservat,
577 3961 687 4007 vocetur
702 3955 762 4008 alibi
779 3957 812 4010 ab
832 3961 938 4010 auctore
954 3951 986 4009 τὸ
1003 3950 1082 4017 ἐντὸς
1098 3951 1311 4024 αλλαξιμύρισν,
1331 3973 1374 4023 pe·

273 4025 376 4077 netrofe
392 4026 504 4078 vestibus
520 4024 656 4077 mutandis
674 4023 836 4093 dispositum,
857 4024 931 4094 quasi
947 4025 1018 4079 dicas
1038 4027 1221 4080 mutatorium:
1238 4033 1267 4078 at
1282 4023 1373 4080 aerarii

272 4107 378 4144 munera
395 4092 555 4161 defungitur,
579 4109 595 4146 a
612 4092 707 4146 Nsceta
724 4095 742 4148 f.
759 4094 875 4148 inferii
893 4095 1017 4147 Comneni
1031 4089 1063 4148 τύ
1080 4090 1132 4148 too
1148 4097 1274 4162 ταμιεῖον
1291 4097 1370 4148 inter-

273 4163 493 4214 namucensium.
529 4161 629 4215 Latinis
647 4162 713 4216 idem
732 4167 850 4233 praestat
867 4163 1014 4216 vestiarium
1041 4181 1073 4216 ex
1088 4162 1288 4218 bibliothecariis
1305 4161 1371 4214 Gui-

272 4230 358 4283 lieImo
379 4229 573 4295 athamanto,
595 4231 639 4285 illc
662 4230 764 4301 quidem
783 4233 809 4286 in
827 4232 958 4304 Stephane
979 4235 997 4287 6
1018 4234 1162 4289 scribente:
1193 4235 1256 4302 quid
1280 4236 1370 4286 mirum

272 4301 297 4352 ιι·
320 4299 502 4354 οωλίοτίοτιιτι
527 4316 613 4371 gaam
634 4301 752 4373 reperit?
787 4302 837 4357 hcc
858 4308 944 4358 eutem
968 4302 996 4358 in
1019 4302 1158 4358 Savariam
1188 4304 1371 4376 sigittooeruot
