3016 4906
347 338 350 344 ’
432 313 479 383 ΙΝ
499 313 647 383 conlui
678 313 764 383 CAP.
784 312 882 380 xlx.
901 313 983 380 XX.
1174 313 1247 387 371

176 505 183 514 „
218 477 253 532 ib.
270 494 296 532 v.
309 477 351 533 te.
369 470 523 531 essaeos
538 469 692 546 ἦερανέων]
713 475 773 546 qnia
790 475 859 530 color
877 475 921 530 ille
943 471 1078 546 ἠερολνεσς
1099 475 1246 547 subviridis,

150 547 184 602 de
199 564 249 618 qno
267 565 289 599 e.
308 547 341 612 3,
354 546 479 600 Caesaris
497 551 537 598 est
552 545 666 614 insigne,
685 541 856 616 περιβάλοιο,
874 545 994 620 dicebant
1009 546 1046 598 illi
1063 547 1164 600 Bardae
1179 547 1247 605 Gae-

150 616 208 738 ”b
226 615 429 736 'bittit
445 614 572 735 iiiiii?
583 609 648 736 ..iii
669 609 1245 739 tlttiitttllt.“tot-'itt‘tttitit

149 701 256 808 {totiusne
271 721 404 820 νερτλνοεν
420 751 509 805 scribit
525 701 606 806 liniat
623 701 713 820 sigali
733 751 751 804 l
770 755 800 806 12
822 746 989 836 q‘pneipqeera
1010 745 1088 817 aenei
1105 753 1161 806 τοῖν
1176 724 1246 824 βαρ-ο

149 818 246 906 triopae
261 815 294 872 οιῖ
307 820 444 874 κατοῦναι
460 820 548 873 ndens
565 817 613 873 καλ
634 820 670 874 τα
691 823 837 890 χροσονφῆ
860 816 949 892 (inope
966 819 1018 874 cori
1034 817 1191 891 Καίσαρος,
1208 839 1245 877 τα

88 907 98 923 ·“
148 907 219 961 μετα
235 889 291 944 τῶν
306 885 445 958 precedes
460 885 613 959 χρωμάτων
628 885 838 960 σεσημασμένα.

217 1006 254 1061 ib.
271 1023 299 1063 r.
312 1008 354 1062 12.
383 1003 423 1071 τίς
438 1001 504 1070 τοῖς
520 1002 614 1060 crisie
631 1006 738 1074 οῖλιονς]
753 1007 830 1061 mirer
845 1005 879 1060 ad
896 1005 1015 1078 proprias
1030 1005 1134 1075 domos,
1150 997 1202 1062 non
1213 1009 1246 1063 ad

96 1043 98 1047 -
148 1076 298 1143 ecelesiam,
316 1093 407 1146 preces
422 1093 470 1146 pre
487 1075 608 1146 imposita
625 1076 767 1146 dignitate,
788 1091 839 1147 quo
855 1076 941 1130 lanata
962 1076 1000 1130 rei
1019 1076 1118 1130 ublicae
1134 1077 1246 1147 felixque

149 1145 288 1210 evaderet,
313 1148 476 1214 susceptures
502 1145 640 1199 Caesarem
670 1151 698 1200 et
728 1145 935 1198 sebastocratora
964 1145 980 1197 d
1014 1151 1088 1198 uetes
1116 1151 1246 1200 auctorem

148 1214 199 1270 scri
219 1213 291 1266 sisse.
307 1218 376 1266 tanta
392 1230 500 1282 namque
515 1213 640 1282 religione
656 1213 775 1284 imposita
791 1213 841 1267 sibi
857 1212 942 1267 munia
964 1213 1083 1266 subibant
1098 1214 1173 1267 aulici
1191 1215 1247 1284 GP,

148 1289 180 1336 ut
194 1233 239 1335 iba
255 1282 353 1335 nonnisi
369 1282 473 1352 praevia
491 1282 605 1353 episcopi
622 1279 667 1336 vel
681 1283 842 1352 patriarchae
856 1281 1034 1336 benedictione
1045 1298 1091 1336 ans
1109 1283 1246 1338 icarentnr.

147 1352 209 1406 hinc
232 1349 413 1420 euchologicae
435 1351 566 1404 orationes
591 1344 639 1404 deri
662 1351 827 1421 προχειρίσει
858 1349 1012 1418 Καίσαρος,
1040 1301 1247 1422 amicissumos,

147 1415 379 1487 κονροκαλολτοο,
405 1436 436 1472 ac
452 1413 500 1472 lat
515 1437 631 1488 κροαγω
654 1419 667 1434 ”
688 1414 831 1489 ἀρχόντων
846 1413 911 1488 ἤτοι
925 1417 1095 1488 πατρικίων,
1111 1419 1169 1472 alia.
1186 1419 1247 1474 hinc

145 1490 241 1542 iterum
257 1487 343 1542 videas
360 1487 428 1557 apud
446 1488 590 1543 Cedreunm
605 1489 632 1542 in
673 1487 819 1542 enatantino
842 1486 936 1542 Leonis
955 1488 979 1540 li
1000 1488 1100 1558 patricii
1122 1489 1247 1558 dignitate

146 1560 299 1629 provectum
323 1558 447 1626 quendam
471 1557 604 1610 confestim
633 1552 825 1624 κατελθόντα,
855 1551 892 1618 eie
915 1551 999 1625 ἔθος,
1028 1556 1124 1627 λαβεῖν
1151 1553 1244 1627 εὐχήν.

146 1625 195 1681 sed
214 1638 241 1679 et
259 1626 405 1694 superiores
421 1627 585 1692 magistratus
601 1625 658 1679 aliis
674 1625 783 1678 subditis
798 1625 891 1678 nnllam
912 1627 1079 1680 conterebant
1094 1631 1247 1695 potestatem

147 1695 209 1777 quin
229 1711 283 1747 earn
296 1709 372 1746 cruce
390 1695 460 1746 iacta
478 1692 747 1747 committereutjnds
765 1693 817 1746 τοῦ
832 1693 972 1760 σφραγίζω
990 1694 1063 1747 verbi
1076 1710 1168 1748 nevam
1185 1711 1250 1764 per·-

147 1762 228 1845 crpies
245 1761 453 1882 signqllicangalppt,
471 1776 522 1830 qua
538 1761 586 1842 tibi
602 1759 921 1883 saecullqrislpnagiqtpatns
934 1777 1014 1844 peuce
1036 1763 1106 1882 lapte
1126 1763 1246 1883 designp-

145 1837 349 1968 iiiiii&
372 1897 423 1950 ..a
448 1842 727 1967 ininitibiiiai’
748 1846 814 1958 ...t
837 1845 1248 1966 n·.{tt.⁶..;.‘it⁷.tti.tt.z

147 1965 338 2034 δικαστηρίοις
353 1963 402 2020 καὶ
417 1961 473 2018 ὑπὸ
491 1965 696 2035 πριμμικηρίσιρ
709 1960 794 2029 ὄντας
808 1961 858 2019 καλ
873 1959 930 2018 ὑπὸ
946 1965 1084 2034 κοσμικοῖν
1100 1961 1248 2035 ἀρχόντων

145 2031 389 2104 σφρανιζομένους.
407 2033 495 2100 eadem
511 2052 613 2105 quoqne
629 2051 695 2088 νοτε
711 2033 856 2089 monasterii
872 2033 996 2104 praefecti
1015 2032 1123 2088 denotat
1141 2035 1249 2090 iustitu-

145 2105 242 2158 tionem
259 2103 382 2156 Germani
397 2103 559 2172 patriarchae
576 2104 706 2157 decretnm
723 2103 788 2157 Iuris
815 2103 868 2155 GR
884 2104 902 2156 Ι.
919 2104 936 2158 3
954 2122 981 2173 p.
998 2103 1066 2158 aasz
1082 2099 1178 2172 τούςὴ
1197 2121 1246 2158 ον-

146 2168 250 2244 μένοος
277 2167 310 2224 di
338 2167 387 2233 οὓς
417 2166 432 2224 ὁ
466 2173 670 2240 μητροκολίτης
693 2169 900 2242 προεχειρίσατο
926 2167 968 2234 εἰς
997 2165 1033 2225 roi
1062 2123 1245 2242 μονασττίρια,

59 2243 96 2292 .“
148 2239 258 2307 deseret
270 2256 315 2294 σοι
331 2243 527 2308 παραστεῖλαι,
544 2239 592 2294 καλ
608 2236 780 2306 dadastenae
794 2240 957 2309 connotent,
971 2235 999 2292 εί
1014 2236 1053 2308 μή
1063 2236 1246 2323 acciperent
1354 2263 1357 2272 ⁴

146 2327 195 2364 σοι
211 2309 329 2363 δοκῶσιν
352 2307 381 2362 el
399 2304 673 2379 τιροεοφραγοσμῖνοι.
696 2303 855 2380 ἡγουμένου
877 2307 1020 2380 σφραγῖδα
1047 2308 1113 2378 legra
1135 2326 1163 2380 p.
1184 2325 1243 2380 sqq.

147 2389 203 2435 tum
219 2377 325 2452 sparsim
337 2377 363 2432 in
381 2377 468 2434 eodem
485 2391 572 2450 opere.

591 2624 787 2639 Q

448 2881 938 2963 'CAPUTXN

234 3114 270 3173 ab.
302 3133 327 3174 v.
359 3117 406 3180 16.
464 3065 598 3176 Titulus
620 3113 691 3176 Iunii
704 3123 750 3177 est
770 3115 838 3200 περὶ
855 3111 1048 3199 χειροτονίας.
1090 3117 1244 3192 est-autem

146 3208 508 3288 coronamentum,
530 3216 563 3268 nt
583 3215 613 3269 et
632 3207 667 3273 eri
681 3216 861 3292 χειροτονεῖν
877 3216 908 3268 et
920 3211 1171 3289 χειροτονεῖσθαι,
1191 3207 1243 3266 ho-

145 3309 325 3368 monymum,
346 3295 505 3369 significans
523 3295 664 3354 interdum
682 3297 773 3374 ipsam
794 3295 1015 3370 designationem
1036 3292 1199 3352 electionem
1213 3297 1244 3350 et

144 3377 398 3454 renuntiationem,
419 3378 571 3452 aliqnando
585 3381 819 3439 consecrationem
843 3379 1045 3438 ordinationem
1060 3379 1244 3436 tibatonem

146 3469 180 3522 et
200 3480 307 3520 sacram
327 3463 575 3538 inaugurationem.
618 3482 706 3540 quare
722 3463 874 3522 videndum
892 3457 982 3539 quem*
994 3459 1108 3524 sensnm
1125 3463 1180 3520 hec
1198 3459 1244 3518 vel

145 3548 198 3607 illo
221 3545 283 3605 loeo
302 3549 437 3606 dictiones
457 3547 528 3605 istae
547 3549 647 3606 ferant.
689 3545 851 3625 errat'ergo
874 3547 988 3626 Iunius,
1011 3567 1075 3608 cum
1087 3549 1143 3605 ista
1157 3545 1244 3604 verba

147 3631 255 3692 Cedini
274 3651 297 3689 c·
317 3637 378 3708 20,
401 3638 610 3714 perperentinus
634 3629 667 3694 di
691 3630 710 3695 e‘
727 3629 909 3715 πατριάρχης
921 3630 983 3699 ried
995 3638 1050 3696 reri
1061 3629 1243 3712 Ἡρακλείας,
1279 3649 1281 3653 ·

146 3720 191 3779 sic
209 3717 317 3774 reddit:
342 3717 499 3794 designata
515 3737 578 3790 nere
590 3716 749 3796 patriarche
762 3739 781 3778 α
796 3719 991 3798 acropolitano
1003 3717 1158 3778 Ηττοιῖοστ.
1185 3713 1242 3772 imo

148 3807 332 3876 causaretur,
351 3803 505 3878 ndrnetor,
524 3809 554 3862 et
574 3808 607 3861 ut
625 3802 665 3862 sic
679 3801 784 3882 dicam,
805 3807 1004 3882 inungeretur.-
1023 3819 1090 3860 nam
1112 3798 1243 3874 designa7

148 3889 194 3948 tio
215 3907 266 3946 sen
283 3885 381 3946 electio
401 3887 576 3966 patriarchae
592 3887 734 3967 cpolitani
753 3907 811 3948 non
827 3895 889 3948 erat
902 3887 1026 3968 episcopi
1040 3883 1242 3946 Heracleensis.

149 3974 237 4034 autsi
250 3978 280 4030 et
292 3971 391 4050 huius,
414 3973 525 4031 nonani
544 3979 577 4032 nt
593 3974 682 4052 partis
699 3973 796 4051 unius,
817 3973 1044 4050 qnandoquidem
1065 3973 1103 4031 ad
1121 3968 1243 4048 patriar-

150 4058 223 4117 chae
239 4057 401 4117 electionem
417 4057 510 4136 plnres
529 4059 750 4137 conveniebant,
771 4065 805 4117 ut
818 4061 900 4118 decet
914 4076 967 4116 nos
980 4057 1025 4117 hic
1038 4054 1173 4115 cedinus.
1204 4053 1242 4114 ab

149 4143 332 4202 Heracleensi
355 4143 487 4222 episcopo
514 4144 700 4222 patriarcham
721 4145 875 4203 consecrari
896 4144 1072 4203 consuevisse
1093 4139 1174 4200 testis
1197 4145 1244 4196 est

148 4228 238 4286 etiam
255 4228 381 4288 Zonaras
403 4229 432 4288 in
449 4229 565 4307 imperio
579 4229 759 4288 Constantini
780 4229 826 4287 lilii
836 4227 941 4288 Leonis
956 4229 1005 4287 fol.
1023 4227 1098 4305 156,
1119 4225 1168 4301 qui
1181 4222 1241 4283 He-

147 4312 299 4374 racleenis
321 4333 385 4376 erm
411 4316 607 4398 imperatorem
635 4315 815 4395 offendisset,
847 4313 1029 4395 Polyeuetunr
1054 4307 1242 4398 patriarcham
