2958 4918
440 339 485 406 IN
507 339 655 408 contu]
676 341 760 410 GAP.
791 341 834 414 11.
1037 355 1039 362 ’
1120 347 1189 418 181

85 505 159 566 illud
169 501 216 566 hie
232 503 366 583 observa,
387 499 454 565 olim
474 503 610 566 Boeotiae
628 512 659 568 et
674 505 838 570 Thebarum
858 507 1011 588 principem
1025 513 1121 588 magni
1131 517 1192 591 prr·-

84 593 194 654 mirata·
219 609 323 652 nomen
346 589 462 669 tulisse,
485 597 561 652 teste
583 593 712 672 Gregora
732 595 803 675 li,
825 596 873 672 qui
898 597 980 659 addit
1000 596 1075 656 bunc
1097 597 1190 702 ipsum
1221 654 1227 674 ,

84 677 243 756 principmn
261 675 383 755 posteris
407 679 580 755 temporibus
609 699 662 758 pro
676 700 777 758 magno
795 683 948 761 primicerio
970 678 1062 763 μέγαν
1080 705 1190 764 κυριον

83 761 261 842 appellatum
274 779 352 840 esse,
372 783 390 822 a
402 766 493 841 praru
507 763 612 844 syllaba
632 770 766 825 occasione
778 771 898 846 καιρία,
919 784 937 825 a
953 767 1043 845 prima
1059 767 1189 829 nimirum

82 847 195 925 syllaba
213 845 340 906 vocabuli
352 849 461 930 κηρίον
479 849 631 927 amputatis
644 851 801 930 compendii
819 852 926 930 gratia,
943 857 977 910 ut
989 851 1090 930 vulgus
1104 852 1187 934 solet,

82 951 121 992 ex
134 928 271 992 vocabulo
279 933 429 1014 priarieen'r‘
444 934 553 992 duabus
567 935 707 1012 prioribus
724 935 846 1014 syllabis.
867 956 902 998 ex
917 956 974 1014 quo
995 937 1110 1015 colligas
1130 939 1188 1000 iam

81 1025 148 1076 tum
170 1041 192 1098 η
211 1023 242 1076 et
259 1040 280 1080 u
304 1018 405 1076 eodem
427 1035 515 1097 sono,
542 1021 632 1078 instar
651 1022 726 1100 iota,
747 1021 858 1100 prolata
876 1023 976 1084 fuisse:
998 1022 1102 1099 alioqui
1115 1026 1188 1086 duae

78 1103 145 1163 illas
160 1102 273 1164 voculas
290 1098 396 1186 κήριος
414 1109 444 1162 et
457 1099 561 1187 κύριος
575 1104 653 1184 vulgi
665 1110 839 1168 consuetudo
856 1127 915 1168 non
931 1109 1113 1170 confudisset.

155 1219 185 1275 Si
209 1216 367 1289 primicerius
386 1234 419 1272 ax
442 1216 522 1273 Snlda
550 1218 661 1284 πρῶτος
680 1216 785 1285 τάξιας
811 1221 861 1290 τῆς
881 1215 1030 1291 τυχούσης,
1063 1238 1096 1276 ex
1125 1221 1184 1276 He-

78 1287 164 1342 raclio
190 1287 218 1342 iu
237 1286 342 1342 Novell.
366 1286 384 1340 l.
410 1288 427 1344 2
449 1285 516 1340 luris
540 1287 593 1342 GR
618 1284 649 1342 ἐν
671 1283 776 1361 ἑκάστῳ
793 1288 913 1360 τάγματι
926 1291 1054 1361 πρῶτος,
1069 1296 1099 1344 ut
1115 1289 1183 1346 iuter

79 1364 217 1422 cantores,
240 1355 274 1409 da
293 1355 386 1426 quibua
403 1355 611 1440 superiomaap,
627 1357 697 1412 iuter
712 1360 867 1426 advocatos,
890 1360 923 1414 de
944 1359 1036 1430 quibua
1059 1359 1103 1415 lue
1129 1361 1183 1414 GR

77 1427 197 1510 5225,
227 1425 298 1496 prior
327 1431 369 1479 est
392 1425 556 1510 primicerius
600 1443 633 1480 aa
656 1428 695 1482 ita
712 1428 754 1482 hie
771 1445 878 1497 magnus
895 1429 963 1482 inter
981 1428 1067 1482 variae
1082 1427 1183 1498 imperii

555 1465 571 1548 l
604 1496 733 1564 affirmat,
757 1502 787 1551 ut
810 1515 893 1568 nuper
909 1498 942 1552 de
959 1497 1183 1581 stratopedarcha,

75 1495 242 1618 pinnicerios
267 1503 297 1548 ut
318 1503 416 1548 οιιοοιιι
439 1494 548 1566 imperet

111 1565 217 1620 eursius.
252 1570 280 1618 at
307 1579 364 1617 eum
388 1563 454 1618 alim
477 1562 512 1618 sit
526 1562 554 1617 in
571 1564 629 1618 aula
648 1565 806 1634 primicerius
822 1562 1032 1636 (πριμμικήριος
1049 1583 1115 1620 emm
1131 1585 1182 1636 της

76 1629 168 1701 αὐλῆς
183 1634 279 1702 legitur
295 1631 453 1702 frequentius
467 1631 497 1700 iu
513 1633 706 1702 sequentibus),
723 1635 783 1690 ideo
802 1653 828 1690 m
886 1655 916 1690 ua
931 1635 988 1703 bio,
1006 1635 1067 1706 quia
1079 1634 1118 1688 ilii
1135 1653 1182 1690 cea

75 1701 197 1771 terisque
214 1702 388 1773 praeeminet3
408 1708 437 1754 et
453 1719 485 1756 ea
501 1719 580 1756 musa
594 1703 774 1774 primicerius,
791 1722 826 1774 qu
864 1745 873 1772 ,
898 1712 927 1758 ut
942 1705 1010 1760 inira
1025 1704 1117 1758 scribit
1134 1720 1180 1760 au-

74 1777 152 1838 ctor,
169 1772 204 1824 sit
220 1767 260 1835 εἰς
275 1767 308 1825 ad
326 1768 469 1839 φοοοοὶτον
485 1765 594 1840 κεφαλὴ
608 1773 659 1841 τῆς
675 1773 817 1843 βασιλικῆς
834 1770 1004 1858 auscultator,
1020 1775 1050 1827 ia
1066 1775 1183 1828 ττττοίια

73 1841 241 1910 imperatorii
257 1841 394 1894 comitatus
410 1857 457 1896 reu
472 1841 611 1896 ministerii
626 1843 762 1912 princepum
786 1843 832 1912 qni
856 1844 934 1912 vulgo
951 1842 1028 1897 aulici
1045 1842 1182 1896 ministerii

75 1926 137 1962 anm
153 1917 282 1979 potestate
295 1916 416 1974 curator,
433 1910 459 1964 le
473 1911 565 1993 grand
578 1913 693 1964 maistre.
729 1912 802 1964 favet
819 1913 878 1966 voci
894 1913 956 1966 data
973 1928 990 1965 ι
1006 1913 1127 1980 Gregora
1138 1911 1180 1964 in·

73 1977 266 2048 terpretatioi
289 1979 321 2034 8:
347 1979 526 2048 primicemm
547 1978 613 2032 eninr
631 1979 704 2048 quasi
738 1980 827 2034 dmum
845 1977 960 2048 κύριον,
984 1989 1011 2034 et
1030 1979 1115 2050 aptius
1131 1975 1180 2048 μέ·

73 2066 131 2116 ραν
155 2043 253 2111 κύριον
276 2045 363 2102 vertit.
398 2045 447 2104 mal
470 2043 522 2117 plu
544 2041 582 2116 δὴ
608 2042 681 2102 ἔστιν
747 2049 804 2104 τοῖν
825 2046 962 2105 τοιούτων
977 2047 1175 2134 παραρδοροέν

73 2134 143 2170 τινα
167 2118 208 2190 τῷ
223 2117 322 2186 μακρῷ
337 2111 428 2188 χρόνῳ
446 2111 581 2170 παθόντα
597 2111 727 2186 ἀμυδροῖς
742 2136 802 2182 aare
816 2114 1022 2208 daeppulvouce
1039 2137 1092 2187 την
1108 2113 1177 2187 citri·

72 2189 172 2239 θειαν.
207 2181 258 2240 τδν
274 2187 329 2254 pole
345 2203 390 2240 τοι
406 2185 456 2253 τῆς
472 2186 607 2247 Βοιωτίας
622 2185 670 2240 καὶ
687 2187 743 2242 τῶν
763 2188 865 2258 Θηβῶν
881 2184 1020 2258 oremale,
1044 2181 1108 2241 ἀντὶ
1125 2203 1174 2256 μο-

71 2251 163 2324 polleo
178 2253 392 2326 πριμμιιιηρίοο,
413 2251 533 2324 μεγάλοι
549 2252 648 2324 κύριον
664 2249 831 2325 ὀνομάζοντι
847 2257 915 2324 νῦν,
939 2255 980 2319 εἰς
995 2255 1079 2311 τοῦτο
1098 2272 1171 2324 τιαρ-

71 2319 235 2395 saeptione
256 2317 287 2378 la
304 2323 357 2376 roei
377 2324 588 2393 παρενεχθῆναι
612 2319 665 2393 τὴν
686 2319 800 2393 πρώτην
832 2321 981 2396 συλλαβήν.
1017 2323 1085 2393 quod
1109 2339 1173 2378 vero

70 2393 215 2464 praemittit
240 2392 364 2446 Boeotiae
385 2391 524 2463 principem
548 2393 598 2449 iam
621 2410 637 2447 a
662 2393 832 2448 Constantino
848 2394 983 2466 primicerii
1004 2409 1095 2448 nomeu
1111 2392 1175 2448 ede·

70 2469 162 2534 ptum,
179 2461 273 2518 nullam
290 2462 357 2534 apud
372 2477 414 2516 me
429 2461 505 2516 fidem
522 2467 642 2519 meretur.

158 2572 188 2630 p.
202 2553 222 2615 9
236 2569 264 2611 v.
279 2555 307 2616 8.
343 2549 467 2627 Magnus
488 2549 699 2630 contostaulus,
729 2569 822 2610 comes
843 2550 963 2629 stabuli,
984 2549 1073 2610 Gala
1096 2569 1175 2610 οοιιο-

68 2638 168 2697 stabla
196 2655 298 2696 nomen
313 2637 466 2696 conflatum
479 2655 514 2696 ex
527 2642 616 2696 conto
629 2629 681 2696 seu
695 2643 770 2698 conto
783 2655 892 2716 comes,
912 2642 943 2695 et
960 2636 1062 2696 etouloe
1075 2635 1174 2694 stabu-

67 2723 138 2782 lum.
181 2723 397 2783 Cantacuzenus
421 2723 441 2784 1
471 2718 530 2788 40:
557 2726 718 2800 oomth
731 2725 877 2802 primrpem
902 2721 1074 2796 Sabaudiae,
1097 2738 1175 2798 qreern

67 2809 233 2869 Latinomar
250 2809 345 2884 liugom
355 2812 448 2866 eorum
464 2812 562 2877 amatr
584 2807 650 2884 quia
672 2825 706 2867 ea
724 2813 818 2868 aetate
832 2807 962 2887 princeps
980 2809 1036 2866 iste
1052 2807 1173 2866 necdum

66 2899 132 2952 erat
154 2895 211 2951 dur
228 2894 281 2951 sed
300 2911 402 2952 comes.
444 2891 577 2969 Synodus
603 2893 780 2953 Florentino:
805 2891 982 2968 ἐκαθέζοντο
1004 2889 1037 2956 dl
1057 2893 1174 2973 κοβαλ-

66 2977 174 3059 λοὶριοί
186 3000 217 3040 τε
232 2975 283 3040 καὶ
302 2975 475 3059 populator,
489 2971 597 3042 ‘aduror
614 2977 666 3040 καὶ
685 2973 838 3052 δοοκοὶδες.
860 2984 906 3038 est
928 2978 1013 3036 etiam
1035 2977 1173 3036 recentio-

64 3065 147 3124 ribus
162 3063 277 3123 Graecis
291 3059 398 3128 κοντόν
412 3064 501 3138 mooe,
522 3067 642 3136 arctum,
665 3063 748 3140 lars,
774 3084 905 3144 μοιοαοις
926 3065 1003 3124 unde
1021 3065 1172 3124 aoniaeirrm

64 3150 140 3209 sacri
155 3150 243 3210 odarii
257 3167 355 3226 genus.
398 3149 544 3207 cedrenus
558 3148 655 3207 scribit
677 3151 817 3224 quendam
837 3148 1009 3228 appellatum
1023 3167 1087 3207 esse
1100 3169 1171 3210 κον-

63 3233 209 3298 τολέοντα
223 3240 253 3294 et
269 3234 354 3293 alium
371 3229 610 3311 κοντοστέφανον
624 3232 662 3292 eb
677 3235 859 3313 parvitatem,
881 3234 961 3310 quasi
978 3252 1093 3312 pureum
1114 3231 1169 3292 leo-

62 3339 125 3382 nem
142 3315 173 3378 e't
186 3339 302 3398 paruum
316 3319 488 3399 Stephanum.
509 3320 651 3378 asteriam
663 3315 756 3382 eumd
769 3319 914 3399 πλησίον,
931 3327 1022 3400 prope.
1039 3320 1170 3381 σταδλον

62 3426 118 3465 seu
137 3409 263 3478 sterilae
277 3401 430 3464 exLatino
450 3405 585 3464 stabulum
607 3406 763 3464 detortum:
785 3424 851 3464 nam
875 3403 977 3464 exulta
1000 3405 1082 3464 unica
1104 3404 1169 3464 lite-

62 3491 129 3551 rula
141 3491 159 3548 b
172 3489 259 3549 habes
278 3489 404 3550 staulam
424 3489 490 3547 hina
507 3489 592 3548 etiam
612 3489 760 3550 Germanis
783 3495 829 3548 est
849 3489 928 3566 stall,
949 3490 1086 3568 stulluug,
1108 3482 1168 3549 eril-

62 3577 217 3648 rtullieren,
237 3576 316 3652 quod
333 3575 458 3634 barbaris
472 3569 632 3645 imtullare,
653 3576 761 3636 stallum
778 3593 830 3634 seu
843 3576 994 3634 stationem
1013 3576 1166 3652 assignare.

62 3683 118 3721 nec
130 3661 238 3721 mireris
250 3661 276 3718 si
289 3659 386 3719 talium
399 3661 478 3738 origo
492 3679 510 3718 a
524 3660 660 3720 vocabulo
673 3661 805 3720 stabulum
817 3666 977 3741 repetatur,
990 3680 1054 3722 curn
1067 3659 1167 3718 eadem

62 3767 121 3808 vox
145 3745 323 3805 contestaulo
347 3764 450 3805 nomen
471 3746 593 3823 tribuat,
613 3751 643 3804 et
664 3747 777 3821 quidem
801 3745 999 3819 honorificum
1024 3744 1166 3818 hodieque

62 3833 110 3892 die
119 3832 304 3907 stallmeister,
325 3830 453 3908 magistri
464 3831 584 3909 stabuli,
599 3849 703 3908 magno
717 3831 779 3892 loco
792 3839 860 3891 sunt
873 3833 903 3890 in
918 3831 988 3891 aulis
1001 3829 1166 3908 principum.

59 3917 195 3978 scribitur
204 3917 290 3976 etiam
301 3920 500 3990 κονοταῦλος,
514 3918 566 3976 sed
579 3917 682 3975 rectius
695 3923 740 3976 est
756 3918 833 3996 prius
846 3917 923 3976 illud
938 3915 1081 3974 habebant
1095 3931 1167 3988 quo-

61 4021 121 4080 que
135 4008 245 4062 veteres
253 3999 356 4061 Franci
373 4001 502 4061 comitem
519 4001 643 4081 stabuli,
663 4009 696 4061 ut
716 4002 810 4062 videre
833 4001 922 4062 estin
938 4001 1021 4079 epist.
1039 3999 1060 4061 3
1076 3997 1166 4056 Hinc·
1223 4031 1225 4036 ·

59 4088 135 4149 mari
151 4108 175 4148 a
195 4091 252 4161 163
273 4106 358 4163 quem
371 4085 474 4164 vulgus
493 4094 624 4166 corrupte
644 4087 805 4167 appellabat
830 4083 1041 4161 constabulum,
1066 4089 1100 4142 ut
1119 4089 1165 4144 est

59 4175 143 4255 apud
153 4173 331 4250 Reginonem
343 4171 361 4231 l.
375 4180 404 4239 2.
424 4176 456 4231 et
467 4174 544 4252 apud
565 4171 685 4250 Tyrium
700 4175 805 4252 passim
819 4172 914 4250 legere
931 4173 976 4228 est
994 4169 1164 4229 cmctabula·

58 4265 132 4321 ηἀτ.
163 4259 252 4318 babes
268 4265 299 4318 et
318 4257 437 4337 simplex
457 4259 623 4318 stabularias
643 4261 721 4336 apud
742 4259 920 4336 Anonymum
941 4258 962 4320 8
987 4255 1008 4318 6
1027 4254 1064 4313 de
1091 4252 1165 4314 bello

57 4364 159 4406 sacro:
182 4343 317 4405 &maduo
326 4343 440 4406 flama·
451 4341 505 4406 ΙΠ
510 4343 684 4404 dubulurius.
