2958 4918
491 266 537 334 lN
558 268 707 336 conlui
738 269 823 338 ctu.
845 269 885 338 11.
948 312 951 320 ι
1168 272 1242 340 183

136 435 217 493 teor,-
242 441 275 482 ac
296 427 397 484 tandem
421 443 480 484 eum
503 431 535 487 ab
558 431 713 504 imperatore
738 432 777 486 hir
802 431 890 487 verbis
903 431 1045 488 institutum
1060 434 1110 486 “tn
1127 450 1241 504 mugnus

137 499 280 568 logotheta
310 499 400 562 eato‚·“
430 517 497 568 quae
523 501 570 552 sibi
599 501 668 557 dicta
691 501 821 554 Phranzas
844 502 952 568 asserit,
981 501 1097 572 quamvis
1121 501 1185 555 clem
1202 503 1239 556 ita

137 574 243 620 creatus
262 579 310 637 pro
331 585 401 622 more
418 567 498 621 officii
515 569 691 638 imperatorem
708 569 828 624 venerari
844 587 875 622 ac
894 571 997 640 publice
1014 571 1120 624 adorare
1143 571 1238 627 vetitus

137 637 230 690 tuerit.
265 642 392 690 caeterum
420 654 455 690 an
478 637 524 690 hio
547 637 631 708 μέγας
654 636 807 708 λυγοθὲτης
827 639 894 692 idem
920 639 956 692 sit
972 640 1015 709 qui
1032 640 1088 693 cciv
1104 638 1240 706 σεκρὲτων

138 713 170 758 ct
186 704 331 774 amplissimi
347 712 449 758 senatus
464 714 553 775 caput,
573 708 633 760 mihi
649 725 714 776 pene
729 708 875 762 indubium:
902 709 945 761 ubi
965 709 1029 762 enim
1046 709 1120 762 huius
1134 709 1238 774 mentio,

137 773 173 828 de
188 774 234 826 illo
252 774 331 827 altum
348 775 379 828 fit
394 773 538 843 silentium,
556 775 596 830 'ao
619 793 675 829 cum
693 791 799 845 magnus
821 777 865 830 ille
887 785 1025 849 personat,
1051 777 1117 830 alius
1139 785 1240 832 secrete

136 843 241 895 latitat:
271 860 303 895 sn
330 845 386 896 non‘
403 844 462 896 ideo
487 845 546 913 quia
571 845 721 900 binominem
744 845 856 899 diversis
877 848 1033 928 temporibus
1047 849 1079 900 'ae
1095 837 1238 910 feoitxbaec

137 909 269 980 dignitas?
305 918 377 964 certe
393 913 536 981 scrupulum
554 930 650 967 omnem
668 932 684 966 a
701 915 807 967 terenda
824 921 968 968 sententiae
985 912 1250 968 huiusmodi'semita'*
1290 951 1294 958 ·
1324 939 1326 944 ·

136 979 248 1034 Nicetes
263 987 369 1035 amovet
383 981 409 1034 in
429 981 548 1034 librorum
566 984 642 1036 titulo
661 999 713 1052 quo
733 1001 762 1036 se
778 979 933 1052 λογοθέτην
955 983 1011 1036 νῦν
1033 979 1168 1048 σεκρέτών
1188 981 1238 1056 καλ
1272 1010 1275 1014 ·

136 1043 187 1102 ἐπὶ
201 1050 256 1102 erto
269 1049 398 1118 κρίσεων,
424 1051 518 1104 secreti
533 1053 687 1120 logothetam
704 1056 731 1105 et
745 1050 846 1104 iudiciis
863 1055 1050 1122 praepositum,
1076 1060 1104 1104 et
1117 1052 1146 1104 in
1163 1051 1248 1105 Mur··

136 1118 249 1188 cupito,
272 1111 319 1170 hrt
343 1121 396 1172 τοῦ
410 1113 499 1186 ἄκρου
517 1122 615 1188 στῆσαι
631 1122 681 1190 τῆς
697 1115 849 1189 συγκλήτου
867 1121 989 1191 βοτῆρος
1004 1118 1052 1180 καλ
1068 1116 1099 1172 ἐν
1114 1124 1175 1182 τοῖς
1190 1137 1233 1174 σε-

134 1183 255 1270 ριρέτριςΙ
269 1189 467 1271 λυγολζετῆσαι,
493 1187 520 1241 in
543 1207 638 1243 summo
659 1195 762 1273 senatus
784 1189 847 1242 solio
872 1189 1016 1274 consedisse
1041 1195 1068 1241 et
1084 1190 1110 1274 in
1127 1189 1236 1244 secretis
1281 1244 1290 1266 ο

134 1257 590 1395 ttttttttttttttitt
607 1257 1058 1396 ttittttffitttizt„titt
1075 1258 1235 1396 {ittet

134 1394 209 1446 iubet
224 1395 390 1460 Anastasius,
409 1397 539 1449 referente
557 1395 675 1449 Gedreno
692 1395 718 1448 in
737 1395 791 1449 eius
809 1395 872 1460 vita,
893 1408 1032 1449 conscenso
1047 1396 1153 1448 ambone
1165 1399 1234 1448 Ace·

133 1463 270 1534 phalornm
293 1463 417 1518 haeresim
441 1464 612 1533 proclamare:
637 1463 699 1534 quid
724 1465 774 1516 hoc
797 1463 863 1516 aliud
880 1481 954 1534 quam
971 1470 1074 1517 senatus
1090 1463 1233 1533 praesidem

134 1531 275 1602 populique
294 1534 371 1586 rebus
393 1534 563 1604 praepositum
587 1533 668 1586 eidem
683 1532 795 1586 voluisse
810 1534 901 1586 lavere
917 1539 945 1586 et
961 1533 1115 1586 auctoritate
1148 1532 1233 1586 ublioa

134 1601 310 1654 confirmaret
343 1603 498 1670 logothetam
509 1603 607 1666 ,secreti
625 1606 712 1658 Annae
728 1603 874 1656 comnenae
889 1604 906 1654 l.
924 1602 958 1667 3,
983 1609 1010 1656 et
1024 1602 1091 1672 apud
1113 1551 1232 1654 liieemm
1281 1641 1282 1646 ,

134 1671 223 1723 statim
237 1671 285 1724 sub
301 1671 424 1726 historiae
440 1671 538 1736 limiae,
555 1679 582 1724 et
597 1671 623 1738 in
641 1671 732 1724 lssacii
753 1669 846 1739 Angeli
861 1671 879 1725 l.
896 1671 914 1725 5
930 1671 1006 1740 lego,
1025 1687 1141 1740 magnum
1159 1671 1233 1738 logo·
1314 1675 1316 1684 '

134 1741 233 1792 thetam
250 1739 317 1811 apud
333 1739 505 1811 Nicephorum
521 1741 665 1806 Gregoram
682 1745 709 1792 et
732 1757 762 1792 eo
786 1740 958 1810 posteriores,
984 1739 1141 1808 logothetam
1165 1739 1232 1792 nude

133 1815 264 1880 sumptum
280 1808 322 1862 vel
340 1809 392 1862 τοῦ
408 1809 518 1880 γενικοῦ
534 1809 621 1862 addito
639 1808 709 1894 apud¹
724 1824 811 1862 omnes
829 1808 923 1862 Niceta
938 1809 1064 1878 scriptore
1076 1808 1232 1878 superiores.

220 1935 250 1994 p.
264 1917 285 1978 9
298 1934 325 1974 u.
343 1917 392 1978 10.
413 1914 630 1974 Protosebastus
642 1919 854 1994 pninougustur,
866 1920 901 1973 ut
911 1913 1029 1973 Wolfius
1040 1919 1148 1973 vertere
1155 1931 1231 1972 ama-

133 1999 193 2060 bat.
214 1999 344 2078 Rogemus
358 2001 388 2058 in
407 1999 569 2060 Annalibus·
584 2000 758 2078 Anglicenis:
780 2003 827 2078 qui
838 2000 983 2058 uocabatur
998 2001 1098 2058 Graece
1117 2005 1232 2076 protose-

133 2088 239 2160 bastar,
260 2087 360 2144 Latine
375 2087 609 2166 commpulutiuur.
626 2085 814 2165 protosebasti
829 2085 951 2162 dignitas
962 2083 1063 2142 dicitur
1075 2083 1120 2141 hic
1134 2083 1232 2141 ordine

132 2173 241 2230 decima
254 2172 351 2244 tertia:
368 2176 397 2229 et
410 2171 451 2230 ita
462 2177 508 2230 est
522 2172 552 2229 in
564 2177 664 2230 nostro
673 2173 776 2230 indice:
794 2171 824 2227 in
837 2169 966 2246 catalogo
977 2167 1048 2227 Iuris
1059 2169 1232 2227 Graecorum

129 2257 150 2315 l.
166 2261 186 2318 2
202 2258 337 2316 decimum
351 2263 481 2332 quartum
495 2255 587 2318 locum
606 2257 723 2318 obtinet
752 2255 783 2316 iu
800 2261 898 2318 nostro
918 2271 1038 2332 magnus
1061 2254 1246 2314 domesticus¹

132 2346 254 2418 quartus
267 2349 326 2420 est,
346 2344 376 2400 in
389 2343 437 2402 illo
454 2345 598 2422 septimus.
1069 2416 1076 2424 d

199 2435 232 2495 Ὁ
257 2435 499 2512 πρωτοσὲβαστος]
529 2439 669 2494 inauditum
699 2442 761 2493 ante
788 2437 869 2493 hierii
900 2435 1022 2493 comneni
1050 2440 1150 2504 tempus
1182 2452 1227 2488 no-

131 2527 207 2577 men:
232 2527 263 2563 ac
287 2511 332 2566 ubi
354 2527 410 2566 eum
431 2511 653 2564 sebastccratoros
675 2515 703 2561 et
727 2507 957 2578 panhypersebasti
973 2511 1138 2560 commentum
1154 2506 1229 2558 Anne

130 2579 189 2633 tilia
211 2587 300 2634 narrat
320 2580 339 2634 l.
361 2579 395 2647 3,
426 2579 464 2633 ibi
483 2595 603 2648 generum
628 2577 780 2631 Taronitem
801 2575 971 2648 protosebasti
992 2583 1019 2628 et
1037 2573 1229 2642 protovestiarii

130 2647 258 2714 dignitate
281 2655 381 2702 auctum
419 2648 555 2702 Adrianum
573 2651 634 2700 vero
654 2650 759 2702 tratrem
779 2646 983 2716 protosebastum
999 2641 1162 2696 clarissimum
1180 2659 1227 2694 vo-

130 2723 232 2784 catum,
256 2719 350 2772 refert:
376 2686 397 2771 d
417 2713 558 2786 Ἄδριανῦς
580 2713 595 2773 ὁ
616 2709 738 2783 oidelerio
749 2716 801 2768 τοῦ
816 2713 986 2782 κρατοῦντος
1000 2705 1227 2780 πρωτοσὲβαστος

130 2781 260 2850 ἀξιοῦται
285 2781 531 2854 περιφανέστατος.
565 2803 624 2840 mor
648 2785 747 2853 absque
769 2784 853 2838 medio
871 2781 973 2836 subdit:
998 2775 1105 2834 τούτων
1122 2773 1154 2831 dd
1171 2779 1227 2830 νῦν

120 2851 297 2924 ἀξιωμάτων
311 2851 365 2925 τὴν
381 2851 593 2924 commeabat
612 2849 676 2924 ἔμῦς
697 2848 791 2921 πατὴρ
812 2845 1022 2920 προσεξεῦρατο.
1057 2847 1122 2900 alios
1138 2854 1227 2916 proto-

129 2926 249 2978 sebastos
271 2924 464 2996 protovestiarii
489 2924 613 2992 dignitate
638 2923 771 2976 coniuncta
791 2922 899 2975 Nicetes
917 2921 1050 2988 Gregoras
1067 2917 1228 2969 Cantacuze-

129 3010 180 3048 uus
198 2999 340 3048 recenseat.
375 2993 408 3046 ad
426 2993 542 3046 sterium
559 2999 585 3046 et
603 2995 699 3046 Annam
715 2992 802 3044 redeo.
834 2990 893 3059 ipsa
909 2988 954 3042 ubi
973 2985 1227 3068 Venetos'bellorum

129 3063 214 3116 socios
231 3064 303 3116 donis
320 3063 486 3116 othonorum
503 3061 608 3126 cumulis
625 3080 640 3114 a
657 3064 732 3130 patre
747 3064 925 3131 compensato:
947 3062 1048 3121 narrat,
1071 3071 1154 3122 :psum
1172 3071 1228 3105 rer-

129 3132 249 3203 publicae
266 3129 355 3184 duc'cm
371 3132 608 3202 protosebastcrum
625 3130 750 3198 dignitate
767 3136 793 3181 et
808 3125 961 3196 stipendiis,
977 3123 1146 3196 patriarcham
1164 3139 1226 3174 vero

129 3201 319 3274 pervenerandi
336 3200 526 3271 appellatione,
549 3201 642 3252 collato
659 3214 710 3250 non
734 3197 852 3250 illiberali
875 3194 1012 3260 donativo,
1036 3193 1226 3246 cohonestatum

129 3271 231 3328 scribit.
264 3271 347 3323 verba
368 3269 422 3322 eius
441 3275 513 3322 sunt:
541 3263 573 3330 ὃς
590 3263 638 3320 διὰ
654 3267 763 3320 πολλῶν
781 3261 899 3326 τούτους
911 3258 1100 3331 ἀμειψάμενος
1115 3259 1227 3326 ὃωρεῦν

128 3337 180 3393 καὶ
205 3341 286 3408 τιμῆς
312 3334 361 3392 sat
387 3332 474 3392 οιῦτῦν
501 3332 552 3390 τὸν
580 3337 670 3390 donico
691 3334 827 3404 ,Βενετίας
853 3334 895 3386 τ’
915 3332 970 3384 τῶν
991 3325 1226 3399 πρωτοσεβάστων

127 3403 264 3475 ἀξιώματι
280 3400 348 3475 nacci
365 3407 415 3475 τῆς
431 3401 515 3474 ᾇόγας
531 3399 672 3474 ἐτίμησεν,
697 3399 849 3472 ῦπέρτιμον
869 3353 901 3454 di
918 3394 1034 3455 καὶτὸν
1050 3394 1226 3482 υατρροέργην

128 3472 223 3530 αῦτῦν
243 3471 342 3544 ἠξίωσε
364 3467 434 3544 μετὰ
459 3475 509 3541 τῆς
529 3468 634 3540 ἀλόγου
658 3469 751 3542 (λόγος.
786 3485 910 3540 nusquam
933 3474 1020 3522 mmen
1043 3474 1100 3523 erat
1123 3469 1225 3539 αλογσς

127 3542 217 3616 (iduor,
241 3563 289 3598 nec
311 3544 338 3597 in
363 3544 492 3597 rationem·
507 3541 647 3606 militabat,
672 3558 730 3593 curn
746 3541 874 3605 Venetos,
899 3542 929 3590 ut
945 3537 985 3590 sui
1000 3537 1163 3606 patriarchae
1180 3550 1223 3615 εμ-

125 3623 273 3697 :tentarent
289 3614 416 3696 inopima,
431 3627 513 3682 pauco
531 3617 746 3694 retrotempore,
763 3625 830 3660 anno
846 3605 965 3660 videlicet
982 3608 1063 3688 1033,
1082 3606 1225 3683 Gregorius

125 3675 901 3819 ittitttffltdtttttdtititttmttttt²
919 3674 1224 3809 ttiibttdt‘jtt

124 3771 241 3892 ¹ridisque
258 3790 342 3890 liquci
359 3820 383 3876 ai
401 3818 537 3887 proprius,
554 3833 621 3886 quo,
640 3817 708 3870 siout
722 3815 860 3885 imperator
877 3783 970 3878 rdbro,
993 3808 1154 3878 subsignandi
1173 3823 1220 3890 po·
1276 3803 1277 3806 ’

125 3899 247 3946 mnsam
264 3895 356 3944 nactus
373 3893 421 3940 est.
456 3887 560 3939 Nicetes
584 3887 617 3938 dc
642 3885 731 3938 Alexio
748 3883 928 3953 protosebasto
943 3882 971 3934 iu
991 3879 1078 3932 Alexio
1095 3872 1222 3928 Manuelrs

126 3961 195 4014 filio:
218 3955 309 4027 ῦόγμοι
329 3952 360 4011 ἐκ
378 3950 508 4026 βασιλέως
524 3951 659 4022 ἐξήνεγκε,
670 3949 708 4022 μὴ
723 3947 812 4015 ἄλλως
828 3945 1022 4014 :decoctarum
1038 3945 1151 3998 adeodato
1168 3939 1220 3998 door

125 4024 293 4100 ἡβασιλιιιὴ
321 4023 379 4097 palo
404 4019 622 4107 dspocppntveruo
644 4020 805 4091 pontepuro,
829 4017 856 4074 el
878 4039 915 4142 pp
940 4014 1086 4099 ιτρρίερονν
1101 4007 1220 4081 ὀφθεῖεν

124 4101 168 4170 τῷ
189 4093 311 4166 illatio),
336 4093 386 4149 καλ
410 4109 484 4146 ουτω
499 4085 551 4160 τὴν
566 4086 659 4158 δεξιὰν
677 4093 716 4162 τῷ
731 4087 884 4161 βασραγείρο
915 4086 1014 4148 aeduus
1029 4101 1152 4152 χρωματι
1167 4077 1221 4150 τὴν

124 4167 179 4222 τοῦ
196 4161 323 4234 ἐρυθροῦ
341 4157 523 4230 ἐπισημασίαν
540 4157 707 4231 βραβεύσειε.

210 4255 245 4314 ln
259 4258 357 4313 nostro
375 4251 467 4311 nullus
480 4244 691 4322 est‘dr‘r'mooog
707 4253 767 4312 νῦν
777 4239 980 4327 φιλοσόφων,
1001 4259 1117 4307 summu:
1133 4241 1223 4322 philo-
