2958 4918
458 274 504 346 ru
524 224 681 348 conum
708 281 792 350 car.
817 263 861 350 1'1.
906 321 908 328 >
1142 285 1215 356 aaa

109 452 184 494 omne
202 438 356 494 σοοιίονίκπ
371 440 493 498 ecelesiae
512 458 557 496 seo
573 442 678 497 cimelia
697 443 815 513 episcopi.
851 459 900 498 nec
913 443 1050 516 superflue
1074 445 1220 503 dom-istas

110 509 299 578 significantias
316 510 468 564 coniunctim
485 511 616 580 ponendas
636 513 741 595 censni3
759 513 818 566 huic
836 513 903 566 enim
924 514 1042 569 vestiarii
1058 517 1170 572 curatori
1189 524 1220 570 ut

110 578 222 632 vestium
239 579 358 632 custodia
374 580 519 634 nullatenus
539 580 703 648 deneganda,
730 589 768 636 ota
792 583 865 651 regia
883 583 996 636 thesauri
1020 601 1081 638 cura
1099 602 1147 638 nec
1168 603 1219 639 non

109 648 149 700 rei
166 647 336 714 domesticae,
361 665 444 718 aeque
463 657 501 713 acl
513 648 670 719 privatarum
696 650 844 718 logothetae
868 657 895 704 et
914 652 986 722 aliis,
1007 654 1143 709 tribuenda
1156 651 1219 708 bum

109 720 217 770 auctore
233 733 257 770 c.
277 715 310 784 5,
328 717 373 772 uhi
392 722 530 790 postquam
548 720 774 787 protovestiaritae
786 720 928 779 subiectum
945 723 1068 786 assendt,
1086 719 1223 790 ὑπηρετεῖ

110 781 143 838 δέ
162 785 248 856 inquit
265 780 373 849 εἰςτὰς
396 783 624 856 προσφερομένας
645 786 694 842 καὶ
710 781 889 860 ἐξερχομένσς
908 785 1035 853 εἰσόδους
1051 809 1080 845 τε
1102 791 1151 846 καὶ
1173 787 1217 858 ἐξ-

110 851 206 916 όᾶοσς.
243 854 377 914 confirmat
394 857 470 912 Anna
490 857 621 912 comnena
638 857 777 912 Aleriados
794 861 812 913 2
831 858 980 913 vestiarium
999 859 1054 912 sive
1075 859 1219 914 cubiculum

109 923 273 991 imperatoris
293 923 360 978 idem
379 925 460 981 fnisse
477 927 545 995 quod
558 933 586 979 et
597 925 709 980 eiusdem
722 927 861 980 aerarium:
884 929 1027 991 Βυζαντία
1039 923 1072 982 dt
1082 946 1138 982 τινι
1148 925 1216 983 καθ’

109 987 181 1050 ὁδὸν
197 985 334 1062 ἐντυχών,
343 995 454 1078 χροσοῦ
474 989 612 1066 βαλάντια
630 990 715 1048 ἱκανοὶ
733 989 924 1068 ἐπιφερομένῳ
943 981 1080 1066 καὶπρὸς
1099 992 1153 1068 τήν
1171 1015 1218 1067 με·

110 1057 264 1181 ppipcpptop
282 1057 414 1186 dccpvcgc,
429 1059 513 1148 ἤρετο
533 1059 621 1151 αὖτόχ
639 1065 732 1152 aprico!
749 1060 786 1134 δὴ
810 1060 842 1120 cd
866 1059 1036 1151 ‘Oppopco‘w
1060 1066 1101 1128 τίς
1123 1061 1218 1150 πόθεν

109 1147 348 1266 {mitridati
378 1133 471 1256 litt
486 1130 1097 1270 tlttttt’,ittitt‘tltatttt’tlt
1112 1152 1219 1259 iiiiii

110 1266 277 1350 διακομίζει.
312 1268 399 1352 hodie¹
410 1270 506 1339 pariter
523 1271 650 1324 aerarium
672 1279 699 1325 et
715 1271 794 1326 fiscus
811 1273 959 1342 pontificius
977 1291 1095 1327 οσποσσο
1112 1281 1220 1342 aposto·
1255 1271 1265 1296 ⁸

111 1337 488 1488 κακον
510 1341 540 1462 r
554 1357 865 1479 κικκκκιν
888 1359 1043 1478 saara
1065 1343 1218 1481 arla

111 1475 343 1596 Grammatrpuspn
361 1477 529 1533 constantino
541 1477 637 1534 Leonis
655 1479 708 1536 filio
742 1495 943 1549 πριμμικηρισν
954 1481 1006 1534 cori
1019 1480 1161 1553 βασιλικοῦ
1172 1480 1217 1550 βε-

111 1558 241 1611 στιαριοο
274 1559 333 1597 m.

181 1664 209 1717 p.
230 1647 262 1701 11
280 1664 305 1704 v.
322 1648 366 1702 21.
393 1642 410 1701 d
429 1641 594 1770 ξεστιοὶριος]
621 1648 766 1703 vestiarium
786 1651 854 1703 hunc
874 1667 951 1703 oense
968 1651 1169 1721 protovestiario
1191 1657 1219 1705 et

110 1715 229 1770 vestiarii
246 1717 379 1786 praefecto
398 1732 429 1770 sn
445 1717 549 1772 iactum.
593 1717 648 1773 eiua
669 1719 832 1790 praecipuum
854 1737 943 1774 munus
963 1727 1003 1780 est
1029 1738 1126 1778 summa
1148 1721 1220 1775 circa

109 1784 262 1842 ,vestiarium
282 1785 416 1855 vigilantia
438 1803 469 1839 ac
491 1787 545 1840 eius
563 1793 690 1856 perpetua
708 1803 787 1856 cura;
811 1787 878 1842 unde
896 1795 923 1842 et
941 1788 1105 1860 expeditione
1120 1790 1218 1843 marina

22 1879 25 1884 ·
112 1863 236 1922 suscepta
253 1855 349 1908 triremi
367 1853 429 1908 illud
447 1854 594 1927 deportanti
609 1856 731 1926 imperat,
752 1857 851 1912 accius
869 1857 980 1913 triremis
1000 1859 1074 1912 velut
1092 1859 1249 1929 apotheca’
1309 1886 1314 1897 ·

112 1923 235 1998 vestiaria
250 1923 440 1994 imperatoriam
457 1923 582 1995 sequitur.
616 1933 706 1979 auctor
722 1943 743 1980 c.
770 1926 796 1986 5.

129 2094 137 2110 ι
181 2044 208 2096 p.
227 2029 299 2150 12ῐέ
319 2029 343 2082 1.
362 2020 378 2082 ὃ
398 2019 576 2098 ἕταιρτσὶρχης
590 2027 658 2082 idem
671 2029 757 2082 allicio
777 2045 808 2082 ac
824 2024 909 2100 μέγας
920 2019 1221 2104 ἕταιριοὶρχης,’νοτοοι

112 2113 139 2149 eo
152 2112 257 2167 supposr
299 2135 306 2150 .

183 2200 216 2256 e'b.
233 2216 263 2254 v.
281 2201 307 2253 2.
341 2193 358 2252 ὁ
377 2193 561 2270 λοηαριαστὴς
572 2198 623 2270 τῆς
641 2197 727 2270 αὐλῆς
745 2200 843 2260 aulicus
855 2201 1045 2269 thesaurarius,
1065 2201 1110 2271 qui
1121 2201 1220 2256 meritis

113 2271 142 2320 et
155 2268 286 2338 obsequiis
298 2268 423 2339 stipendia
441 2274 577 2339 exaequat.
613 2275 641 2322 at
654 2287 706 2322 non
723 2280 775 2323 tam
792 2271 918 2324 rationum
937 2271 1031 2324 aerarii
1050 2287 1125 2340 quam
1145 2271 1220 2324 mini-

112 2337 251 2392 steriorum
267 2337 394 2392 discussor
411 2354 442 2391 ac
460 2339 618 2407 disceptator
633 2340 729 2392 existit.
764 2345 853 2391 auctor
868 2340 901 2392 de
919 2339 962 2395 illo
973 2339 1077 2394 uberius
1089 2358 1115 2394 c.
1127 2341 1153 2396 9.
1173 2356 1220 2393 nos

114 2406 147 2460 de
166 2405 323 2476 legariosta,
341 2407 384 2462 ubi
398 2407 431 2460 de
448 2407 534 2476 magni
551 2409 626 2461 huius
644 2407 752 2460 nominis
769 2407 866 2462 officio.

183 2508 217 2565 ib.
234 2526 261 2562 v.
275 2507 300 2563 3.
317 2503 333 2564 ὁ
353 2504 596 2579 στρατοπεδάρχης
613 2510 670 2563 τῶν
683 2505 874 2576 Μονρτοῖτοον]
891 2509 935 2580 qui
948 2509 1001 2563 sint
1014 2509 1123 2563 Murtati
1139 2509 1220 2562 conii-

112 2593 176 2634 cere
190 2577 307 2645 quidem,
332 2585 361 2632 at
374 2596 424 2631 uon
443 2583 514 2632 certo
528 2581 641 2648 probare
655 2595 796 2649 possumus.
833 2584 873 2632 est
889 2583 961 2632 certe
976 2580 1098 2647 podlcov
1116 2581 1219 2646 seditio,

112 2648 255 2705 tumultus.
279 2647 348 2716 apud
363 2648 556 2702 Constantinum
570 2648 819 2717 Porphyrogenitum
842 2647 869 2700 in
886 2646 958 2701 Nov.
978 2645 1139 2768 inspectoris
1160 2642 1220 2701 ἐπι-

112 2719 216 2786 χειρεῖν
233 2707 254 2784 ἢ
270 2711 388 2787 potitare.
422 2717 496 2770 cuius
520 2716 670 2770 sententiam
693 2719 808 2771 reserens
832 2716 979 2770 Matthaeus
1005 2715 1138 2770 Bastares
1154 2717 1219 2770 Ele-

113 2785 193 2838 menti
207 2785 236 2837 Σ
248 2803 270 2838 ο.
289 2788 330 2840 11.
345 2785 373 2837 in
389 2785 500 2842 Nomoc.
519 2787 609 2842 scribit
621 2783 732 2857 μούρτῳ
749 2782 938 2858 νίοομούῖτῳι
957 2785 1142 2839 recentioribus
1154 2787 1220 2839 enirn

115 2859 131 2908 i
148 2855 212 2938 in'p
231 2859 330 2909 mutare
347 2855 578 2976 gfflfflfaffilllflrsss
602 2865 631 2907 ut
646 2846 735 2939 o'ppdec
751 2856 809 2910 vice
824 2844 912 2923 ἦλθες
918 2893 927 2940 ,
952 2849 1080 2922 ἆρμνρόν
1097 2856 1154 2908 vice
1168 2851 1218 2908 oil-

371 2920 434 2984 ,aas
455 2942 579 2993 μονρτον
597 2927 780 2993 Μονρτατοι,
809 2941 860 2977 non
883 2941 927 2993 qur
945 2926 1077 2978 tumultum
1096 2928 1218 2988 excitent,

115 2993 161 3047 sed
178 2991 221 3062 qui
234 3001 397 3063 compescant
412 2993 608 3047 silentiariorum
630 2995 703 3063 vice,
722 2995 764 3046 vel
782 2995 859 3047 etiam
877 2995 901 3046 si
917 2995 1052 3048 tumultum
1075 2995 1164 3059 edant,
1188 2993 1220 3046 ad

114 3061 289 3132 reverentiam
313 3062 458 3132 imperatori
484 3063 665 3130 exhibendam,
696 3064 770 3117 velut
790 3063 937 3134 praesentis
958 3063 1100 3116 maiestatis
1122 3064 1221 3130 signum

115 3132 211 3198 edunt,
234 3131 353 3184 literatus
378 3133 462 3185 lector
484 3131 614 3187 iudicabit.
657 3131 788 3186 Murtatos
807 3149 884 3202 porro
910 3132 1088 3185 stationarium
1114 3133 1221 3185 militum

115 3217 209 3270 agmen
227 3217 286 3252 esse
303 3201 366 3253 nulli
382 3201 503 3269 dubium,
522 3206 552 3254 ut
571 3218 658 3256 corum
677 3202 767 3256 ducem
782 3197 1045 3272 στρατοπεδάρχην,
1074 3201 1118 3272 qui
1136 3201 1219 3256 Leoni

107 3271 143 3340 ¹in
162 3269 279 3324 Tacticis
292 3266 516 3340 καμπιὸούκτωρ.

114 2941 214 2993 μορον.
249 2940 282 2976 an
302 2941 346 2975 ver

185 3373 223 3428 s'h.
242 3390 268 3426 v.
288 3373 314 3428 4.
334 3372 390 3426 cciv
410 3370 570 3440 Τζακόναν]
605 3373 721 3426 Laconas
739 3371 815 3426 hodie
829 3371 917 3426 vocari
930 3372 1067 3428 Tzaconas
1085 3377 1158 3427 recte
1169 3366 1223 3440 'oh-

116 3446 256 3496 servarunt
271 3459 305 3495 ex
322 3443 442 3510 Gregora
458 3442 512 3496 lt
537 3441 682 3508 Meursius,
710 3443 867 3508 Gretserus,
888 3443 1074 3512 Bulleugerusr
1103 3450 1224 3512 corrupte

116 3521 203 3566 tamen
220 3511 253 3574 τζ
262 3512 319 3565 vice
335 3512 350 3565 λ
367 3511 487 3564 substitui
502 3511 607 3563 infitior.
643 3516 702 3563 sunt
712 3511 800 3578 itaque
810 3512 1083 3580 Tuaconesgermana
1094 3513 1226 3584 populari-

118 3598 171 3650 que
188 3580 393 3648 pronuntiatione
409 3596 425 3631 a
443 3579 572 3632 Tuaconia
592 3579 762 3650 Peloponnesi
780 3589 880 3645 monte,
905 3579 949 3650 qui
969 3583 1081 3650 antiquis
1102 3583 1226 3635 Cronium

117 3656 160 3704 cst
177 3657 300 3714 vocatus,
323 3647 431 3703 oriundi.
463 3648 502 3700 ita
526 3649 657 3702 Gemistus
679 3649 745 3718 apud
764 3649 890 3702 Ortelium
908 3657 935 3702 et
952 3651 1082 3718 Georgius
1103 3652 1227 3704 corasius

116 3719 145 3771 in
161 3719 304 3788 rescriptis.
339 3718 486 3786 magistrum
502 3734 581 3788 porro
599 3717 783 3783 Tnaconitam,
800 3718 900 3788 dequo
919 3719 1093 3789 Luitprandns
1110 3720 1136 3770 in
1153 3720 1226 3788 lega·

116 3787 204 3910 tippre,
222 3804 279 3842 esse
297 3787 364 3840 hunc
380 3787 437 3840 cciv
457 3783 607 3853 Τζακόνων
624 3783 869 3858 στρατοπεδάρχην
886 3789 956 3841 nullo
972 3795 1077 3842 auctore
1094 3788 1226 3842 Meursius

116 3875 133 3910 a
179 3863 242 3910 mat.
844 3868 846 3872 ’

187 3942 224 3994 ib.
244 3958 269 3996 v.
284 3939 311 3995 5.
345 3936 553 4011 μσνσκοῖβαλλοι
568 3941 645 3995 iidem
663 3941 708 4012 qui
725 3938 878 4011 μόνιπποι,
895 3939 970 3994 unico
987 3943 1132 4010 pugnantes
1147 3957 1223 4010 equo.

118 4011 170 4065 hos
191 4010 366 4080 Palaephatus
381 4005 501 4077 κέλητας
516 4017 607 4077 vocat,
627 4011 725 4066 Plinius
740 4011 775 4066 34
791 4011 808 4067 5
823 4013 932 4076 celotes,
955 4009 1056 4061 Seneca
1073 4012 1224 4079 cingulote-

120 4097 163 4134 ree
183 4081 216 4134 ab
235 4096 302 4148 equo
319 4079 443 4147 singulari
460 4096 510 4148 quo
537 4082 684 4134 utebantur.
718 4076 798 4148 κέλης
820 4078 916 4134 Suidae
941 4073 1027 4146 μόνος
1051 4075 1152 4148 ἵππος,
1175 4077 1224 4134 καὶ

120 4145 137 4202 ὃ
157 4141 205 4203 ἐπὶ
221 4145 322 4202 τούτου
339 4144 506 4216 φερόμενος·
526 4143 541 4202 ὁ
559 4146 715 4218 σεῖλοὶρισς,
742 4145 758 4204 ὁ
781 4145 890 4218 χνμνός.
925 4144 974 4199 καὶ
989 4143 1076 4208 ἵππος
1093 4144 1124 4202 es
1141 4144 1223 4217 κέλης
1242 4214 1244 4220 Ι

119 4213 265 4287 ὃησμνός.
308 4217 461 4273 scholiastes
487 4218 618 4273 Graecus:
649 4213 731 4288 κέλης
753 4217 839 4280 ἵππος
860 4211 1017 4288 precipuos.
1051 4218 1127 4288 plura
1149 4219 1222 4272 Her-

119 4304 227 4343 mannus
240 4287 319 4359 Hugo
337 4287 370 4340 de
385 4283 475 4340 militia
491 4288 604 4358 equestri
621 4289 638 4344 3
655 4288 681 4344 4.
