3034 4916
494 309 898 434 μεμάντευμαι
1052 333 1056 341 ’
1171 287 1286 403 τοτ’
1392 276 1398 287 ’

145 493 286 558 Munuelis
306 479 447 558 mereberis·
460 493 664 556 Montisferrati
682 493 857 558 nobilitatem
873 501 904 558 et
921 495 1077 578 potentur
1094 513 1248 578 agnoscere

87 663 91 672 ι
146 587 177 641 et
198 583 361 664 praedicare
381 586 495 642 coactns
516 585 569 640 est.

218 705 254 758 ib.
271 723 298 763 v.
318 706 360 760 16.
378 697 415 758 τά
431 702 486 758 τῶν
503 702 660 773 δεσποτῶν,
677 698 727 757 καλ
743 703 799 758 τῶν
814 697 971 773 ἀρχόντων]
995 703 1028 757 iis
1049 704 1160 759 saeculis
1182 706 1246 761 baec

147 771 247 842 scripte
264 774 355 844 quibus
370 790 422 826 non
438 772 512 826 modo
528 789 603 841 reges
619 776 646 826 et
662 772 808 844 principes,
822 773 869 826 sed
885 779 912 826 et
928 773 1064 828 nobiliores
1082 775 1181 843 equites
1199 776 1247 829 eli-

147 843 219 897 cuius
246 843 334 896 vexilli
358 842 414 895 sive
438 842 515 896 bandi
543 841 674 896 deferendi
700 842 821 895 bonorem
849 842 1005 897 ambiebant.
1040 841 1100 894 binc
1126 843 1246 898 nobilium

146 908 306 964 franeorum
333 914 430 979 equites
460 911 606 979 bundisesss
635 913 776 968 chevaliers
806 911 954 967 bonneretz.
999 909 1055 964 Leo
1083 910 1248 967 Tootioorun

147 987 232 1065 cupst.
249 981 279 1034 52
296 979 444 1064 mloiuquloc
458 975 583 1049 μεχάλα,
599 979 799 1063 φλαμρυλίουια
813 981 870 1064 σῶμ
885 981 1056 1063 μονταρίων,
1077 975 1171 1050 βάνδα
1183 982 1247 1034 δια-

146 1049 1155 1190 ἷλὲλωλέλέέἕάνβὶλέ“ῗτῗβλλτὲέάίῗιῗέῖὲῗλἀρῶλλτέῗῖἒὲέλ
1176 1049 1259 1187 ott·

146 1183 325 1256 φλαμοῶλων.
358 1188 434 1241 etiam
448 1187 474 1240 in
490 1187 602 1242 humeris
623 1187 719 1241 minora
742 1187 793 1241 sibi
813 1187 930 1256 figebant
953 1187 1070 1250 flumulae
1082 1191 1085 1200 “
1098 1183 1247 1257 φλάμουλα

146 1252 233 1326 μικρά
249 1249 345 1311 ἐπάνω
360 1257 416 1330 μῶν
432 1255 523 1330 ζαβῶν
539 1249 612 1310 κατά
627 1257 683 1312 τῶν
700 1251 790 1328 ἀμων.

138 1392 144 1402 =
217 1367 253 1420 ib.
271 1383 296 1422 v.
317 1369 358 1424 17.
375 1367 431 1422 τῶν
447 1363 608 1438 δημάρχων]
626 1367 810 1438 aurigantium,
828 1366 872 1451 qui
889 1367 1015 1438 quondum
1030 1367 1096 1422 ludis
1114 1367 1245 1423 Circensi-

149 1436 201 1489 bus
226 1435 323 1489 Romae
342 1437 647 1522 palmamquaerebant3
672 1439 805 1522 factiones·
823 1455 879 1491 aive
904 1444 991 1508 partes
1017 1439 1092 1490 fuere
1114 1445 1246 1508 quattuor,

147 1521 248 1588 quaes
270 1507 398 1559 coloribus
422 1507 509 1590 vindos⁸
530 1507 641 1560 caerulea
664 1508 735 1560 rubn
756 1507 858 1577 albique
886 1508 978 1576 panni,
1003 1524 1054 1576 quo
1073 1507 1245 1592 donabantur,

146 1575 1246 1710 tttffltsttt‘tttnbtttnlsl‘ftltttttlilttnlttlztnlttz

146 1711 270 1778 Latinus,
289 1717 316 1765 et
331 1711 358 1764 in
375 1713 533 1780 Antbolugia
550 1715 709 1765 Graecorum
726 1713 941 1781 Epigrammetum
958 1714 1027 1768 adl.
1045 1715 1169 1769 betleem
1180 1731 1248 1785 pene

146 1787 287 1833 extremam
300 1781 413 1834 Thomas
428 1781 554 1833 Patricius
571 1783 689 1833 Graecus
713 1781 879 1851 descripsere.
913 1799 970 1834 cum
991 1783 1147 1836 Circensium
1173 1784 1248 1836 ludo-
1333 1771 1337 1795 ¹
1432 1801 1435 1814 ·

146 1865 203 1902 rum
220 1849 304 1902 studio
322 1847 444 1902 exercitis
460 1849 560 1901 nomina
576 1849 675 1902 colores
699 1849 837 1904 lactionum
861 1851 944 1904 λλοωα
969 1851 1070 1920 Ομολίυι
1096 1853 1249 1920 commigra-

146 1922 222 1982 τρεῖς
238 1923 266 1971 et
282 1935 315 1972 ex
331 1916 507 1971 dimicantibus
523 1919 550 1970 in
565 1919 640 1972 Circo
657 1918 810 1972 factionibus
826 1920 937 2002 populna
954 1934 1056 2002 quoque
1069 1925 1140 1974 totus
1151 1921 1248 1974 divisus

146 1987 174 2039 iu
200 1997 304 2056 pestes,
328 2003 396 2057 quae
419 2003 449 2040 se
471 1987 625 2057 quandoque
648 1989 741 2040 mutuis
765 1987 884 2041 enodibus
906 1987 1003 2059 rapinis
1016 1990 1114 2041 anruriis
1131 2006 1250 2042 cousum—
1277 1998 1281 2009 ·

145 2055 765 2180 Piltnlltd’lttltdltelltlt:
788 2057 1249 2181 {2⁰⁸‘lisdb²¹le‘ll”l¹llilli

146 2143 304 2275 {continuatis
320 2193 415 2265 scripta
432 2209 479 2276 sua
493 2145 671 2272 ¹respersere.p
686 2142 802 2249 consulel
817 2144 868 2266 qull
878 2196 1002 2249 curiosius
1014 2202 1042 2249 et
1051 2195 1080 2248 di
1100 2196 1169 2250 usius
1183 2197 1249 2250 baec
1302 2225 1303 2230 =

146 2263 220 2316 volet
234 2263 371 2332 explicatu
405 2278 494 2315 unicus
510 2265 646 2318 Balsamon
668 2264 828 2332 longissimos
852 2265 1014 2318 historiarum
1037 2271 1135 2318 tructus
1159 2265 1248 2335 paucis

38 2331 42 2341 “
146 2331 301 2402 perstringit
315 2331 344 2384 ln
361 2331 396 2386 24
412 2347 534 2384 canonem
550 2333 708 2386 Troullanum.
744 2331 808 2386 τότε
824 2327 876 2402 μέν
897 2329 969 2402 χάρ,
992 2333 1092 2420 inquit,
1115 2332 1247 2418 cciv'dsi-

169 2417 207 2454 ων
222 2397 491 2464 κατεξουσιαζόντων
508 2395 540 2455 έν
555 2405 618 2464 ταῖς
640 2398 857 2488 ίπποδρομίαις,
879 2401 929 2455 καί
951 2419 1108 2458 ποιουντων
1132 2419 1247 2470 ταυτας,

146 2418 195 2523 ges
211 2467 260 2522 nul
274 2464 352 2530 ὅπως
368 2463 542 2540 ἠβούλοντο,
568 2465 599 2524 έκ
615 2471 824 2539 δαπανηματων
846 2465 970 2539 οἰκείων,
993 2465 1031 2532 ῶς
1053 2469 1102 2524 καὶ
1126 2465 1247 2540 ἐχόντων

147 2537 245 2600 clauus
258 2536 308 2591 καλ
320 2534 447 2600 ἱππῶνας
463 2535 512 2592 καλ
528 2534 606 2609 μέχρι
622 2538 671 2594 καλ
689 2541 740 2592 νῶν
756 2533 992 2607 περισωζυμένους
1014 2535 1064 2592 καλ
1085 2535 1245 2609 προσόδους

117 2608 121 2613 ’
144 2601 229 2677 χάριν
249 2607 305 2660 τῶν
330 2602 537 2678 λπποδρομιῶν,
562 2605 611 2662 καλ
637 2608 690 2662 ταῶ
712 2606 843 2680 βασιλέως
863 2605 1110 2695 προσκαλουμένου
1134 2605 1182 2662 καλ
1205 2605 1246 2672 είς

145 2677 231 2730 τοῦτο
246 2671 285 2746 μῆ
302 2669 523 2746 ἐξουσιάζοντες,
545 2670 635 2731 πολλά
653 2675 791 2747 στασιώδη
808 2677 858 2731 καὶ
874 2695 969 2733 ατοπα
985 2673 1154 2732 συνέπιπτον
1171 2675 1244 2746 χίνε-

147 2747 219 2798 σθαι
240 2738 314 2798 κατά
338 2739 388 2798 τάν
410 2747 461 2815 τῆς
478 2742 583 2812 ίπποδρ
602 2746 666 2815 μίας
681 2744 798 2815 καιρόν,
819 2747 876 2800 τῶν
893 2742 945 2818 μέν
961 2743 1187 2816 προστιθεμένων
1203 2745 1249 2818 uqi

92 2880 97 2886 ¹
147 2809 228 2886 δήμῳ
246 2814 302 2868 τῶν
322 2809 461 2884 Βενέτων,
488 2815 545 2869 τῶν
569 2765 601 2870 δέ
623 2815 663 2888 τῶ
678 2812 754 2886 μέρει
771 2817 826 2870 τῶν
843 2815 1001 2885 Πρασίνων.
1037 2810 1068 2871 έν
1083 2820 1193 2884 καιροῖς
1211 2809 1245 2870 δέ

146 2895 201 2938 τισι
224 2880 274 2936 καλ
297 2881 413 2951 πόλεμοι
437 2882 687 2954 συνεκροτῆθησαν
709 2881 840 2954 ἐμφύλιοι
861 2881 946 2955 μέσον
967 2881 1125 2940 ἀντιθέτων
1143 2883 1245 2955 μερῶν,

146 2949 197 3004 καὶ
214 2945 287 3006 κατά
303 2953 352 3020 τῆς
371 2953 509 3024 βασιλείου
525 2955 667 3023 περιωπῆς
681 2950 787 3024 ἀναιδῆ
801 2951 912 3025 βῆματα
930 2949 960 3008 ol
980 2951 1100 3025 δημόται
1123 2950 1246 3022 ἀπηρεά-

147 3019 250 3087 ξαντα,
266 3018 364 3082 nebule
381 3016 438 3077 cinci
455 3020 602 3090 διαφόρων
617 3025 753 3093 χρονικῶν
768 3025 852 3079 τοῦτο
869 3022 1048 3092 παρίσταται.
1083 3023 1193 3094 partium
1210 3024 1245 3076 il·

145 3089 228 3147 lerum
245 3091 324 3158 (quse
339 3091 424 3160 δῆμοι
440 3098 468 3162 et
483 3090 619 3164 δημόται,
643 3100 672 3145 ut
695 3094 745 3147 iam
770 3094 877 3168 legimus
899 3101 927 3147 et
942 3093 1057 3148 scribunt
1073 3094 1247 3163 Theophanes

146 3164 176 3212 et
201 3159 348 3226 cedrenus,
374 3163 512 3248 vocantur)
539 3163 662 3232 partium,
687 3163 804 3232 inquam,
830 3163 917 3234 capita
935 3161 1046 3216 ducesve
1063 3159 1202 3231 deiectoque
1219 3165 1249 3215 et

146 3223 289 3297 δημάρχαι
324 3229 379 3282 ussi
393 3231 450 3283 τῶν
467 3232 563 3300 δημων
581 3227 714 3300 ἀρχοντες
730 3233 882 3300 audiebant,
906 3233 1094 3303 popularesque
1116 3231 1166 3285 sibi
1182 3231 1247 3284 sub-

146 3295 217 3348 ditos
233 3297 275 3349 uel
292 3314 308 3349 a
330 3305 402 3352 ectos
418 3302 603 3365 recensebant,
627 3301 757 3355 ueletiam
773 3301 928 3372 quandoque
946 3300 977 3352 ad
996 3317 1040 3353 eos
1057 3300 1101 3367 qui
1117 3317 1166 3372 per
1181 3299 1247 3352 civi-

145 3372 226 3418 tatem
244 3365 392 3420 oriebantur
407 3369 528 3422 tumultus
546 3378 574 3423 et
589 3369 727 3423 seditiones
749 3369 883 3424 ducebant.
919 3369 1061 3422 Simocattu
1085 3371 1102 3424 8
1123 3371 1153 3424 7:
1182 3362 1249 3430 socie

144 3431 308 3520 δημάρχους
324 3431 339 3488 ὃ
358 3431 540 3507 αάτοκράτωρ
556 3432 781 3505 εἰσκαλεσάμενος
797 3437 838 3501 είς
853 3431 889 3492 τά
908 3436 1047 3510 βασίλεια,
1071 3432 1121 3498 οὓς
1137 3437 1246 3506 διοικη-

145 3521 199 3566 socc
221 3505 277 3557 τῶν
298 3501 394 3573 δήμων
418 3506 521 3560 εἴωθεν
545 3500 577 3560 co*
603 3507 715 3574 πλῆθος
740 3502 907 3574 ἀποκαλεῖν,
931 3501 1072 3576 (ὀνόματα
1089 3501 1122 3559 δέ
1137 3502 1248 3566 τούτοις

145 3569 266 3641 Σέργιος
279 3572 328 3626 καλ
348 3576 474 3644 Κοσμάς)
497 3569 672 3630 ἐπυνθάνετο
695 3577 751 3630 τῶν
773 3572 984 3646 δημοτευόντων
1009 3569 1055 3629 lat
1077 3576 1180 3628 λεπτοῶ
1196 3568 1248 3627 τῶν

147 3636 285 3710 ἀριθμόν.
330 3637 345 3694 δ
371 3638 423 3712 μέν
448 3633 499 3698 οὖν
523 3639 639 3712 Σέργιος
661 3637 692 3697 έν
716 3644 805 3715 χάρτη
828 3638 881 3714 τῆν
898 3641 1027 3706 σύνταξιν
1048 3643 1105 3697 τῶν
1123 3635 1248 3712 iuuencis

145 3711 199 3765 ποῶ
221 3705 388 3798 χλοάζοντος
408 3707 556 3783 ἐνεχάραξε
578 3709 737 3798 χρώματος,
759 3713 958 3776 πεντακοσίους
980 3707 1050 3783 πράς
1069 3715 1129 3776 τοῖς
1150 3711 1250 3782 χιλίοις

146 3775 446 3918 {stygem
463 3773 1248 3920 ἶιὲσμέίτωέῖ’ἥξτᾶΞῖἵῗέτὲἭέῖέῖλωὶῶίᾞλβῶὲἓ

147 3911 348 3973 τιαταπέπτωκε
365 3917 474 3989 πλῆδη.
509 3869 629 3974 Ζουοεάί
642 3922 669 3974 in
682 3870 786 3976 l’bollac
806 3917 822 3974 d
842 3871 941 3984 Φάδκοῖς
956 3917 1009 3990 τῆν
1023 3923 1143 3989 γυναῖκα
1159 3921 1248 3972 Λεον-

147 3985 212 4040 τίαν
235 3981 276 4039 Ad
294 3986 397 4040 οὕσταν
420 3979 508 4050 cribris
529 3983 699 4058 ἀνηγόρευσε
722 3991 778 4046 τῶν
801 3987 899 4060 δῆμον
919 3987 1078 4054 παρόντων.
1113 3985 1177 4042 τότε
1195 3983 1247 4042 διά

145 4052 243 4110 τόπων
266 4005 297 4110 sl
319 4052 361 4118 οἷς
385 4055 498 4110 ἵσταντο
520 4052 689 4130 ἀμφιβολίας
711 4055 860 4130 γενομένης
881 4064 941 4122 τοῖς
957 4058 1108 4125 Πρασίνοις
1122 4053 1170 4111 καλ
1188 4061 1248 4120 τοῖς

147 4123 275 4186 Βενέτοις
290 4120 444 4189 στασιάζειν
460 4120 581 4193 ἤρξαντο
599 4122 661 4182 κατ’
677 4122 813 4198 ἀλλῆλων.
846 4125 960 4197 πέμψας
976 4123 1009 4181 δέ
1025 4121 1130 4188 τιναςδ
1148 4126 1248 4190 Φωκάς

147 4189 365 4256 κατασκευάζειν
383 4188 480 4256 αὐτοῖς
495 4190 547 4261 τῆν
564 4195 660 4250 στάσιν
676 4190 818 4267 ἐπεχείρει.
855 4190 917 4258 ἓνδς
935 4185 987 4250 οὖν
1010 4197 1066 4249 τῶν
1091 4193 1247 4251 σταλέντων

146 4257 199 4314 τῶν
217 4262 272 4314 τῶν
290 4263 440 4331 Πρατίναν
456 4258 622 4333 ὑβρίσαντος
638 4261 783 4336 δήμαρχον
804 4264 854 4322 καί
874 4267 976 4321 τοῦτον
999 4260 1181 4334 ῶθῆσαντος,
1208 4258 1247 4333 μῆ
1312 4315 1315 4319 .

146 4326 305 4400 ένεχαόντες
327 4327 359 4386 ci
378 4333 431 4388 τοῦ
452 4327 545 4404 δῆμον
565 4334 650 4391 τοῦτο
676 4331 803 4408 ἔκραζον.
846 4341 874 4392 et
898 4336 981 4393 iubar
1010 4329 1126 4392 ἱππικῶν
1150 4327 1248 4403 ἀγῶνα
