2958 4918
249 319 329 404 136Ι
372 382 376 394 ,
407 315 617 387 GRETSERI
630 315 687 383 ET
702 311 836 400 GOARI
852 309 1187 384 COMMENTARIUS

247 485 399 546 mutandae
418 477 518 560 crant,
538 481 670 542 adiurare
689 485 719 542 et
739 479 860 539 induere
878 497 935 539 una
954 497 1018 542 oum
1047 471 1287 540 hieromnemone:
1308 477 1352 537 sic

246 571 320 633 enim
333 571 453 630 loannes
475 569 596 628 Citrius:
638 567 850 650 hiesonmcmcnis
869 564 990 646 affia‘nm
1010 558 1140 648 διακόνῳ
1158 563 1190 642 ἐξ
1212 559 1351 646 άνάμκης

247 652 412 738 προσήκει,
437 649 541 734 lasciui
563 648 773 736 σοννπονργάς
799 641 889 724 οὗτός
910 649 972 714 ἔστι
992 639 1036 735 cpi
1049 650 1230 734 κανστριοίςο
1250 650 1298 725 εἰς
1318 643 1353 712 τά

246 739 435 822 περιτιθέναι
449 735 508 820 τήν
526 735 612 814 ἱεράν
631 736 742 815 στολὴν
757 739 799 819 τῷ
821 729 956 818 άρχτερεῖ
971 733 1108 816 μέλλοντι
1130 735 1352 815 ἱεροπρακττῖν.

247 829 345 902 itaque
358 827 494 906 cuminian
505 823 574 883 nihil
588 823 664 882 aliud
679 823 791 882 videtur
799 821 845 881 hic
854 841 916 880 esse
931 839 1016 898 quam
1029 819 1190 881 vestiarium
1203 839 1255 879 seu
1269 820 1352 878 locus

247 914 540 987 vestimentorum,
560 915 590 968 et
605 911 667 988 ipse
684 910 843 967 mactamus
865 905 935 966 nihil
957 907 1034 966 aliud
1053 925 1138 984 quam
1161 906 1254 984 isqui
1274 906 1353 963 iuter
1423 933 1426 940 ·

192 999 198 1018 ¹
249 995 387 1078 palatinas
401 995 554 1072 dignitates
569 993 726 1073 appellatur
739 995 890 1053 vestiarius.
930 992 986 1052 fuit
1006 998 1037 1053 et
1050 990 1355 1050 inRomenaecclesia

249 1081 395 1161 peailiaris
415 1083 537 1140 vestiarii
565 1081 687 1158 dignitas
708 1083 739 1136 el
759 1077 896 1154 officium,
916 1083 950 1136 ut
977 1096 1013 1138 ex
1027 1075 1179 1138 Anastasio
1196 1076 1355 1136 Bibliothe-

250 1167 324 1226 cario
345 1168 429 1225 docet
445 1163 619 1245 Onuphrius.
660 1164 695 1223 In
712 1163 918 1244 Turcograecia
943 1161 992 1222 fol.
1010 1162 1073 1228 285
1091 1163 1193 1221 dicitur
1214 1161 1362 1242 κανστρά··

251 1271 334 1325 στος,
351 1254 443 1330 quiin
455 1252 572 1327 liturgia
587 1254 656 1310 rena
678 1245 712 1312 τά
732 1242 896 1332 κάνστριον
909 1249 970 1310 τάν
983 1241 1204 1328 θυμιαμάτων,
1221 1248 1293 1327 quod
1306 1265 1357 1322 ego

250 1336 397 1398 turibulum
421 1339 592 1414 interpretor,
610 1335 704 1410 inquit
723 1340 829 1393 auctor.
871 1339 902 1393 at
923 1334 1037 1394 inscite:
1060 1335 1123 1410 quis
1141 1333 1216 1392 enim
1227 1349 1356 1408 unquam

250 1422 359 1482 audivit
373 1413 535 1504 κάνστριον
548 1437 611 1478 esse
623 1419 798 1478 turibuluml
817 1417 871 1477 nisi
883 1421 957 1480 sorte
971 1421 1056 1478 etiam
1069 1419 1221 1480 canistrum
1234 1419 1274 1478 sit
1285 1417 1358 1477 turi-
1412 1457 1415 1461 -

250 1507 363 1572 bulum:
379 1525 445 1564 nam
464 1524 483 1566 a
505 1508 621 1564 ταπίιλιο
631 1504 686 1563 ¹seu
702 1505 866 1564 diminutivo
879 1508 1008 1564 carastrio
1028 1505 1062 1564 fit
1075 1507 1211 1565 curatrices
1221 1523 1274 1584 per
1287 1521 1358 1581 syn-

251 1611 359 1671 copen,
379 1592 510 1668 idemque
524 1596 569 1648 est
585 1591 664 1667 quod
676 1583 802 1667 κάνεον,
818 1595 962 1649 contracte
974 1593 1101 1667 κανοῦν,
1116 1591 1157 1649 ita
1169 1595 1203 1648 ut
1217 1587 1359 1667 κανστρί·

253 1693 320 1750 στος
332 1677 442 1754 integre
456 1677 494 1737 sit
513 1676 732 1753 carracciaco,
750 1675 903 1754 praejectus
916 1679 1043 1736 oenatria
1055 1694 1106 1735 seu
1122 1677 1255 1746 ταπάτλτος
1278 1673 1358 1734 cuius

254 1763 456 1841 praelecturam
469 1761 596 1822 extendit
612 1778 726 1837 quoque
737 1760 834 1819 Iunius
850 1761 888 1820 ad
898 1765 1048 1841 pcnan'aar.
1086 1767 1121 1820 at
1135 1759 1235 1838 nobie,
1258 1757 1359 1838 stipsi

253 1848 339 1906 etiam
351 1847 478 1926 veritati,
498 1846 550 1904 nisi
569 1845 666 1924 fallor,
686 1846 775 1905 satius
798 1846 909 1906 videtur
927 1849 1066 1908 constricti
1083 1846 1206 1906 officium
1225 1844 1359 1905 vestiario

105 1925 108 1930 ’
173 1940 181 1945 “
252 1933 492 2011 circumscribere,
513 1936 543 1991 et
564 1935 678 1991 construi
692 1932 805 1990 nomine
823 1931 892 1990 nihil
910 1933 987 1991 aliud
1008 1933 1134 2011 accipere
1158 1949 1244 2008 quam
1265 1931 1359 1992 locum

254 2017 303 2084 ubi
316 2024 409 2077 vestes
423 2016 596 2098 pontificales
610 2015 842 2096 asservabantur,
857 2036 914 2077 uno
928 2017 1015 2080 verbo
1026 2022 1191 2079 vestiariam.

324 2129 383 2214 pul
399 2147 427 2186 ν.
447 2133 489 2188 16.
518 2125 716 2216 κανατρήναιος
730 2147 848 2218 quopus.
866 2149 919 2215 neo
932 2129 983 2186 nou
1000 2125 1359 2218 scarpivssocetpaarpris-

256 2214 316 2260 οιος
330 2206 454 2320 scripturn
470 2216 602 2272 reperies,
624 2217 655 2255 aa
672 2217 719 2270 pro
733 2217 811 2254 vanis
824 2202 934 2254 Graecis
945 2202 1134 2256 characteribus
1145 2201 1246 2254 hams
1257 2211 1361 2271 quoque

257 2268 375 2322 νοτίοιο
392 2269 479 2322 ditum.
514 2285 604 2322 seusus
616 2270 777 2341 requiratur,
792 2267 837 2323 ubi
855 2270 900 2324 rix
918 2265 990 2324 iu'vat
1006 2271 1148 2324 character.
1182 2269 1362 2337 κανοτρίοιοτ

257 2331 316 2390 άπὸ
334 2337 386 2391 τοῦ
402 2338 552 2406 κανοτράοο
568 2337 661 2392 (lictum
672 2338 763 2402 videm
779 2335 929 2406 κάνστριον
946 2357 1008 2393 vero
1024 2339 1097 2410 panis
1108 2339 1239 2393 benedicti
1249 2343 1360 2404 lancem,

257 2407 298 2459 uel
310 2405 396 2476 potius
405 2407 472 2460 turis
483 2410 608 2472 arculam,
624 2407 666 2460 vel
677 2407 786 2478 denique
797 2396 938 2462 iunistrum
947 2407 1098 2479 recipiendis
1109 2409 1271 2479 patriarchae
1280 2407 1362 2463 vesti-

258 2477 307 2528 bus
318 2476 435 2530 idoneum
445 2477 616 2546 interpretor:
634 2478 741 2532 navaria
757 2477 823 2531 euim
839 2477 905 2531 idem
924 2477 994 2546 qaod
1005 2473 1138 2531 πινάκιον
1147 2479 1281 2533 vasculum
1292 2476 1362 2549 apud

259 2543 397 2612 Niceten,
414 2562 462 2616 pro
473 2545 553 2600 variis
561 2547 721 2600 lectionibus.
754 2547 883 2601 Allatiana
902 2549 942 2616 (et
953 2547 995 2616 Μ)
1013 2546 1046 2600 (lc
1061 2549 1233 2600 constreusios
1262 2542 1362 2602 ὃκοιν-

258 2609 403 2682 οτρήνοιος
418 2609 562 2669 άλλάσσων
580 2615 621 2686 τῷ
646 2610 774 2683 άρχιερεῖ
790 2613 843 2684 τὴν
866 2611 955 2669 uitari
979 2611 1097 2684 στολήν,
1122 2616 1235 2683 κρατάν
1254 2611 1289 2670 δὲ
1311 2611 1362 2670 καὶ

258 2676 309 2735 τάν
327 2679 468 2752 θομιατάν
485 2677 517 2736 ἐν
532 2684 569 2754 τῇ
584 2683 756 2755 λειτουργίᾳ,
780 2687 830 2740 καλ
843 2679 895 2739 τάν
911 2680 984 2750 άὲρα
1006 2686 1108 2754 (velum
1128 2683 1216 2742 calicis
1236 2692 1264 2738 et
1283 2685 1361 2752 disci)

260 2743 292 2803 ἓν
308 2751 344 2820 τῇ
361 2753 392 2804 sla
410 2751 441 2802 ιά
455 2747 543 2806 αὐτοῦ
558 2753 645 2822 χειρί,
672 2749 807 2822 §artigua
830 2751 878 2807 nal
900 2749 932 2807 τά
955 2747 1034 2823 ὕδωρ
1060 2751 1100 2815 εἰς
1118 2749 1169 2808 τὸν
1185 2749 1257 2808 λαδν
1274 2749 1306 2808 ἒν
1321 2752 1362 2808 τά

259 2819 395 2891 eptateuci
406 2801 500 2892 άμνῳ,
522 2823 633 2888 κρατῶν
649 2818 682 2878 ol
696 2819 746 2886 nal
763 2819 796 2882 τά
813 2818 945 2894 κιβώτιον
961 2824 1017 2878 τῶν
1041 2817 1213 2894 άρωμάτων,
1240 2804 1363 2891 mirtri-

261 2905 346 2958 μενος
361 2885 411 2942 καλ
428 2886 469 2952 τίς
484 2884 658 2961 calcariorum

346 2993 558 3074 Referendurias
574 3017 593 3058 a
611 2997 744 3078 sananda
763 3017 867 3059 nomen
884 2999 999 3060 trahens
1021 2997 1106 3059 hodie
1123 2999 1209 3060 etiem
1228 2999 1259 3064 ia
1277 2999 1364 3061 eccle-

216 3106 220 3115 ·
262 3079 321 3137 siae
347 3099 401 3144 usu
428 3087 537 3146 manet:
573 3085 737 3144 mittebatur
767 3103 803 3144 ex
838 3085 930 3146 offlcio
954 3086 992 3146 ad
1015 3085 1212 3164 imperatorem
1239 3084 1293 3148 καλ
1321 3086 1364 3159 εἰς

263 3163 357 3270 μέγαν
371 3161 514 3266 άρχοντα.
552 3169 625 3232 male
637 3169 733 3271 luniup
751 3171 788 3230 ad
801 3171 959 3271 sacerdoton
975 3175 1137 3270 maximum:
1154 3191 1221 3232 nam
1245 3167 1365 3258 άμάγας

263 3273 364 3331 αρχων
377 3253 500 3330 drgmtas
513 3259 575 3314 crat
587 3255 727 3335 palatina,
740 3262 775 3316 ut
786 3257 891 3318 clarum
900 3275 935 3316 ex
948 3275 1011 3336 ipsa
1024 3257 1136 3316 Cadmo
1150 3277 1174 3321 c.
1192 3263 1222 3324 2.

333 3372 370 3429 tt.
387 3391 414 3426 r.
430 3377 472 3433 17.
510 3376 616 3431 Saldasc
639 3363 853 3447 ὁεῴερινὸάριος
864 3372 1023 3447 Ῥωμαϊκὸν
1038 3373 1147 3448 άξάωμά
1164 3371 1254 3446 ἔστιν,
1275 3370 1364 3448 ἤμουν

264 3435 436 3511 άναφορεάς.
465 3443 579 3501 Nicetes
595 3447 621 3500 in
637 3447 727 3502 Alexio
744 3449 868 3502 secundo:
892 3449 944 3501 τοῦ
959 3445 1134 3517 πατριάρχου
1150 3449 1309 3509 στείλαντος
1324 3443 1364 3506 εἰς

265 3505 318 3578 τὴν
340 3507 492 3569 δέσποιναν
515 3510 566 3569 τάν
586 3509 689 3570 ἑαυτοῦ
715 3512 876 3586 ὑπηρέτην,
898 3511 930 3580 ὃς
951 3510 984 3601 ἐκ
1006 3517 1059 3570 τοῦ
1080 3513 1313 3603 προβάλλεινιείρ
1328 3509 1363 3570 τά

265 3584 368 3716 κτλ
384 3581 778 3723 scientiaeaut
786 3582 1147 3724 λιιλιαιλλαλ
1163 3582 1364 3708 “lnam

266 3713 481 3786 ὅεφερενὸάριος
496 3716 732 3792 ἀποστελλόμενος
753 3721 793 3784 εἰς
810 3721 961 3794 (ἄρχοντας
976 3721 1026 3778 καὶ
1043 3723 1084 3791 Μ)
1101 3717 1237 3792 μεγάλους
1253 3717 1366 3788 άνθρά-

266 3805 338 3874 apoc
349 3786 497 3858 μηνύματα
508 3788 587 3878 παρά
603 3792 644 3880 cpi
659 3788 786 3863 άρχιερτῖ
795 3787 940 3864 ἐγγράφως
958 3791 1008 3847 καὶ
1024 3788 1159 3864 άμράφως
1174 3791 1265 3864 φέρει,
1280 3793 1366 3847 καθε-

265 3857 378 3927 ζομονος
397 3857 445 3912 καλ
460 3857 501 3922 εἰς
516 3879 568 3925 τας
583 3879 694 3931 κρισεις.

349 3967 386 4032 ib.
407 3987 433 4029 v.
459 3965 506 4030 18.
538 3963 915 4051 άάπομνηματογράφων]
944 3967 1045 4029 Latine
1065 3987 1082 4029 a
1102 3972 1293 4030 commentariis
1316 3985 1365 4025 seu

266 4055 518 4126 commentariensis,
536 4054 680 4112 scriberetis
694 4058 885 4115 commentaris}
899 4056 1068 4136 praefectus,
1090 4056 1138 4130 qui
1154 4055 1270 4134 Graecis
1284 4053 1365 4112 etiam

265 4132 584 4217 άτιομνηματογράφος
605 4144 635 4196 et
657 4141 892 4220 κομενταρίσιος.
933 4160 1037 4200 nornen
1064 4141 1147 4220 officii
1166 4159 1234 4201 ¹non
1258 4145 1365 4199 tantum
1406 4217 1410 4224 ι

265 4219 442 4280 ecclesiastici
455 4225 506 4280 sed
522 4230 553 4282 et
573 4223 694 4303 politici,
716 4226 815 4284 saltem
828 4228 905 4302 apud
924 4222 1059 4303 Latinos,
1081 4227 1118 4285 ‹le
1136 4245 1194 4301 quo
1207 4226 1296 4286 multa
1312 4223 1365 4282 Ba-

265 4305 361 4366 tonius
375 4309 413 4367 ad
427 4307 611 4388 Martyrolog.
622 4316 690 4371 tom.
704 4313 746 4376 27
759 4312 805 4371 die
819 4311 922 4374 Martii.
936 4311 1098 4373 Bouclidiua
1111 4313 1197 4373 vertit
1209 4313 1364 4374 οολαατίνιι
