2968 4924
290 283 361 354 122
451 281 659 350 GRETSERI
673 282 727 350 ET
741 281 873 352 GOARI
887 283 1220 354 COMMENTARIUS

284 454 402 525 master,
424 451 490 528 quia
504 449 633 510 ecclesiae
650 451 781 529 pecunias
797 452 946 534 curabant,
962 425 1158 531 asservabant,
1177 452 1379 531 expendebant

283 543 314 594 et
330 537 399 596 haec
415 542 460 594 est
476 537 605 614 primaria
623 536 818 614 appellationis
838 538 919 596 huius
930 537 1020 616 ratio,
1041 539 1130 616 petita
1143 537 1303 598 nimirums
1319 560 1379 598 scc-

283 621 358 697 oulo,
378 623 432 680 lroc
443 628 488 681 est
500 622 536 682 ab
549 622 656 682 aerario
671 621 872 701 ecclesiastico,
895 622 938 681 cni
949 631 1105 701 praeerant.

351 735 412 806 pl
431 754 458 790 v.
477 737 502 789 1.
539 731 663 806 ὁμόροις
680 732 867 805 σακιλλάριος]
890 730 946 790 άπὸ
966 735 1019 792 τοῦ
1035 735 1181 790 σακιλλίου
1205 737 1297 790 dictos.
1331 751 1378 788 σα-

282 800 391 856 κὲλλιον
420 801 584 874 βαλάντιον,
603 806 777 873 μαρσύπισν,
805 803 842 858 ait
865 804 975 858 Suidasr
998 805 1138 860 loculorum
1155 805 1243 874 itaqua
1260 812 1288 857 et
1303 822 1379 874 pecu

283 873 380 926 nicrum
398 880 483 928 custos
503 882 543 928 est
560 875 714 928 sacellarius.
752 875 816 926 hanc
840 873 1023 943 expositionem
1041 874 1101 926 mihi
1118 875 1239 944 suggerit
1246 874 1381 928 Balsamon

278 941 367 994 Medic
385 941 417 994 de
429 944 590 1013 protecdlcoc
601 939 680 1012 παρὰ
693 938 906 1008 τοῖςῬωμαλοις
916 938 1064 996 adnectens
1074 938 1195 1010 nupsi-esi
1206 941 1324 998 διοικεῖν
1335 940 1381 994 καλ

282 1009 431 1074 φυλάττειν
447 1006 512 1066 ἐστι’.
548 1009 579 1065 λε’
596 1031 655 1065 erus
673 1003 913 1078 οὖνσακελλάριος
924 1006 939 1064 ὁ
951 1012 1006 1065 τῶν
1017 1011 1209 1080 μοναστηρίων
1224 1011 1378 1080 ὃιοικητής.

280 1078 331 1132 viri
348 1080 495 1134 Latinorum
506 1081 591 1149 ignem
607 1081 691 1150 dirige
702 1082 743 1136 vel
767 1080 867 1148 corrige
885 1081 1009 1148 linguam:
1036 1088 1143 1134 mentem
1163 1079 1286 1150 percipe,
1309 1080 1381 1149 quasi

280 1148 351 1202 dicat
375 1143 512 1204 “sacellum
528 1150 752 1211 administrationis
769 1149 953 1218 custodiaeque
973 1149 1098 1204 rationem
1123 1167 1209 1202 secum
1230 1149 1314 1202 vehite
1339 1149 1380 1201 ubi
1461 1185 1462 1198 .

281 1235 343 1284 argo
362 1219 489 1272 sacellarii
505 1219 615 1288 mentio,
645 1219 778 1272 confestim
799 1219 1010 1272 monasteriorum
1025 1219 1214 1272 administrator
1230 1219 1381 1270 obversetur

281 1280 386 1340 oculis”.
422 1289 532 1355 optines
551 1305 607 1342 nam
626 1295 652 1342 et
669 1289 826 1358 Stephanum
844 1289 960 1352 Persam,
973 1303 1049 1356 quem
1062 1287 1225 1357 Nicephorus
1237 1287 1381 1356 patriarcha

279 1355 383 1420 ταμίαν
394 1358 449 1410 τῶν
461 1357 608 1427 βασιλικῶν
618 1353 780 1426 χρημάτων,
804 1357 975 1427 Theophanes
991 1355 1171 1422 σακιλλάριον
1190 1361 1278 1409 vocat.
1312 1355 1380 1426 quod

278 1423 360 1489 igitur
378 1441 528 1478 oeconomus
543 1443 651 1494 maguae
667 1426 805 1489 ecclesiae,
824 1426 849 1478 id
867 1425 1012 1480 sacellarius
1029 1425 1188 1478 monasteriis
1203 1429 1336 1496 praestat,
1353 1432 1381 1476 ut

280 1493 396 1546 nimirum
412 1511 500 1548 eorum
517 1495 591 1548 bonis
608 1495 775 1548 custodiendis
790 1494 916 1564 invigilet.
951 1495 1082 1564 perpende
1101 1496 1163 1548 haec
1186 1511 1218 1547 ex
1245 1493 1379 1548 Allntianis

280 1569 416 1632 excerptas
452 1557 467 1616 ὁ
507 1560 570 1632 ε’χας
586 1559 762 1630 σακελλάριος
779 1555 968 1618 ἒπισκοπεάων
989 1561 1038 1616 καὶ
1061 1559 1179 1628 ἐρευνῶν
1191 1557 1226 1616 τά
1247 1558 1379 1630 άνὸρίκια

282 1630 455 1698 μοναστήρια
490 1629 643 1686 κπᾶυτοιν
663 1634 720 1685 τῶν
749 1628 955 1702 συνερχομένων
975 1628 1177 1699 δικαιωμάτων.
1220 1625 1333 1698 ἐπαίρει
1349 1627 1380 1682 δὲ

283 1697 478 1768 λοχαριασμόν,
498 1698 623 1762 εἰσόδους
635 1698 683 1754 καλ
700 1695 823 1769 liddeum,
841 1701 918 1771 βίους
934 1695 965 1754 di
977 1698 1026 1753 καλ
1035 1701 1175 1762 πολιτείας
1185 1700 1241 1754 τῶν
1251 1701 1381 1768 μσναχῶν

244 1781 245 1786 ’
282 1765 412 1832 ἐρευνῶν.
432 1769 480 1823 καὶ
493 1770 536 1832 tn
547 1769 618 1838 (τρὶς
628 1771 671 1839 M)
681 1773 732 1824 τοῦ
746 1765 876 1824 ἐνιαυτοῦ
889 1766 1025 1836 άναφέριι
1037 1765 1109 1822 otest
1120 1772 1159 1838 τῷ
1171 1763 1302 1837 ἀρχιερεῖ.
1325 1768 1379 1824 ἔστι

283 1835 315 1892 ol
327 1837 375 1890 καλ
386 1835 426 1900 τίς
436 1833 597 1912 τάςικρίσεις
608 1837 649 1901 τίς
658 1835 695 1894 τά
706 1834 784 1903 δεξιά
795 1841 846 1894 τοῦ
858 1837 1019 1906 οἰκονόμου.
1054 1839 1192 1906 adiungunt
1210 1839 1275 1891 alias
1294 1853 1378 1904 προσ-

282 1903 362 1974 φέρει
375 1907 424 1960 καὶ
441 1904 490 1962 τὸν
500 1905 634 1977 μέλλοντα
651 1909 887 1978 χειροτονηθῆναι
904 1905 944 1968 εἰς
961 1901 1053 1972 lector,
1076 1906 1245 1975 στηκόμενος
1261 1907 1379 1975 πλησίον
1461 1925 1462 1938 ³

280 1977 333 2030 τοῦ
353 1972 473 2044 μεγάλου
493 1973 654 2046 οἰκονόμου.
689 1995 739 2030 non
756 1978 865 2030 omnium
882 1993 958 2045 porro
974 1982 1002 2028 et
1018 1974 1113 2044 ubique
1128 1977 1233 2028 sitorum
1250 1985 1379 2028 monaste·

280 2046 377 2097 rior-ura
394 2049 578 2114 praefecturam
595 2046 642 2099 sibi
667 2046 779 2100 vindicet
798 2045 961 2110 sacellarius,
983 2044 1044 2110 sed,
1066 2051 1097 2098 ut
1118 2045 1189 2098 aiunt
1206 2044 1291 2113 Regin
1310 2059 1379 2100 uum.

279 2115 361 2179 10³9,
377 2116 432 2166 τῶν
443 2111 515 2168 κατά
527 2110 579 2183 τὴν
589 2113 672 2168 πόλιν
682 2113 730 2168 καὶ
741 2115 796 2168 τῶν
808 2115 980 2182 περαιικῶν,
999 2131 1086 2168 eorum
1104 2131 1170 2182 quae
1185 2114 1305 2184 laragia
1318 2117 1378 2167 urbe

261 2199 323 2244 ,mcc
342 2201 394 2234 non
412 2193 439 2236 et
452 2193 526 2241 trans
538 2194 642 2252 portura
655 2186 684 2238 in
705 2187 805 2252 Sycena
823 2186 877 2237 siue
902 2183 1040 2238 amarent
1057 2186 1164 2252 regione
1181 2192 1241 2236 sunt
1261 2185 1378 2237 conditu.

278 2253 338 2319 (dle
356 2245 371 2304 ὁ
387 2249 471 2320 μόγας
488 2249 650 2320 σακελάριος
667 2253 763 2322 φορῶν
774 2247 806 2306 τὸ
819 2250 960 2322 στιχάριον
971 2246 1060 2306 αὐτοῦ
1071 2248 1119 2304 καλ
1128 2245 1161 2303 τὸ
1174 2244 1300 2320 ῶράριον
1313 2249 1376 2319 στή-

275 2337 368 2458 pturn)
374 2313 405 2373 lv
425 2322 467 2393 τρῖ
483 2317 619 2394 εὐωνύμῳ.
631 2316 708 2395 μέρει
719 2323 768 2392 τῆς
779 2318 860 2391 eyter
870 2318 1025 2396 τραπέζης,
1046 2319 1155 2392 parson
1165 2315 1198 2375 τὸ
1211 2314 1298 2390 ἅγιον
1307 2315 1378 2392 tcut-

296 2407 350 2444 ιον.

355 2496 471 2558 Interim
500 2497 555 2557 alia
585 2517 697 2577 quoque
727 2497 823 2557 munia
850 2487 988 2556 obibantr'
1020 2513 1086 2556 nam
1120 2515 1236 2572 irrogans
1262 2495 1377 2556 sacello-

275 2586 334 2642 sr'us
361 2591 516 2662 potestaten
550 2585 627 2642 dotet
657 2588 688 2642 in
710 2588 827 2642 virorum
850 2589 875 2640 et
897 2582 1034 2641 mulinum
1062 2586 1238 2654 monasterio,
1267 2602 1321 2660 ηιω
1350 2585 1377 2640 in

274 2687 377 2728 nrunrre
394 2670 550 2728 adrninr'stro
565 2673 652 2727 utitur
668 2669 716 2727 illo
736 2672 784 2746 qui
799 2671 908 2728 antistes
924 2670 1136 2726 monasteriorum
1151 2666 1320 2746 appellatur,
1342 2667 1376 2724 dc

275 2773 333 2830 quo
349 2753 474 2812 Codinus
488 2755 517 2811 in
536 2754 634 2830 quinta
649 2755 788 2832 pentade‚
809 2753 883 2812 sicut
900 2758 930 2810 et
949 2751 967 2814 o‘
981 2757 1036 2831 sori
1049 2754 1205 2814 σακελλίου
1218 2753 1376 2812 adiutorem

276 2839 363 2897 habet
377 2836 504 2918 ἄρχοντα
517 2843 579 2898 τῶν
594 2837 775 2916 ἐκκλησιῶν,
796 2839 833 2897 de
849 2838 948 2915 quoin
962 2839 1060 2915 quinto
1075 2837 1209 2912 quinario.

346 2938 381 2988 ib.
403 2953 429 2988 v.
449 2939 475 2993 2.
508 2929 577 3004 ἔχων
593 2931 748 3003 ὑπουργῶν]
780 2935 904 2988 Allntisns
932 2937 971 3003 (et
986 2936 1026 3003 M)
1045 2948 1139 2990 vocant
1156 2930 1372 3004 χαρτοολάριον.

278 3021 311 3063 ex
327 3019 379 3074 quo
398 3005 503 3076 percipe
518 3001 721 3073 χαρτουλάριον
733 3006 842 3059 scritum
856 3006 1004 3072 inferiorem
1020 3005 1152 3058 denotare.

360 3094 428 3154 Non
450 3094 584 3153 absimilia
607 3095 773 3154 Balsamon:
800 3113 915 3169 magnus
937 3091 1093 3155 sacellarius
1117 3111 1208 3152 τυτσω
1227 3095 1300 3169 gent
1320 3112 1373 3154 mo

275 3185 463 3254 austeriorum,
480 3187 536 3239 tarn
552 3199 638 3238 eorum
654 3201 721 3257 ηασι
733 3186 794 3239 runt
812 3184 886 3239 intra
906 3181 994 3238 arbem
1011 3200 1091 3258 qnam
1111 3183 1173 3239 τῶν
1195 3183 1373 3257 nepocsano,

275 3267 331 3326 lroc
349 3271 394 3325 cst
418 3284 490 3344 quae
512 3271 579 3323 sunt
602 3266 632 3323 in
652 3266 731 3330 Pera,
752 3284 802 3322 seu
824 3264 945 3343 Peraea,
968 3285 1030 3323 cum
1051 3264 1171 3322 civitatis
1191 3263 1372 3340 imperatricis

258 3351 382 3410 ‘decima
402 3353 487 3409 tertia
506 3352 584 3428 regio
598 3351 636 3410 slt
659 3350 732 3412 Pera
751 3369 802 3408 seu
817 3350 939 3426 Peraea,
965 3354 997 3409 ut
1019 3355 1100 3428 patet
1122 3368 1157 3407 ex
1185 3349 1372 3427 descriptione

272 3439 350 3494 urbis
365 3437 549 3516 Cpolitanae‚
569 3437 642 3496 inter
658 3437 735 3494 cuius
755 3435 883 3512 regiones
901 3433 993 3494 locum
1015 3435 1152 3493 decimum
1168 3434 1283 3496 tertium
1298 3435 1371 3493 obti-

272 3530 322 3582 net
340 3523 461 3600 Spccno,
478 3541 549 3600 quae
567 3521 621 3580 alio
638 3523 751 3582 nomine
774 3521 846 3580 Pero
866 3527 897 3578 et
918 3520 1002 3579 hodie
1021 3521 1134 3579 Galata.
1161 3538 1225 3577 curn
1242 3539 1312 3596 ergo
1332 3521 1370 3578 ad

272 3608 452 3685 Cpolitanam
474 3607 571 3667 urbem
593 3609 748 3686 pertineat,
769 3626 827 3664 non
850 3606 987 3665 immerito
1006 3625 1101 3664 curam
1122 3610 1152 3663 et
1169 3604 1369 3682 inspectionem

271 3693 358 3752 habet
372 3693 528 3754 sacdmrr'ns
540 3695 569 3750 in
579 3693 748 3752 monasteria
766 3687 838 3769 qriae
854 3693 884 3749 in
906 3692 979 3750 Pera
989 3692 1045 3750 sita
1063 3697 1148 3767 sunt,
1168 3690 1369 3768 quaequeBal-

269 3799 368 3838 samon
385 3784 467 3839 vocat
486 3779 626 3838 Perntr'co:
647 3798 665 3836 a
682 3777 754 3835 Pera
773 3778 847 3834 cnim
864 3777 934 3836 urbe
954 3777 1070 3836 deduxit
1094 3777 1149 3836 hoc
1163 3794 1275 3835 nomen

356 3865 451 3924 Minor
463 3863 622 3922 sacellarius
636 3883 687 3922 seu
701 3863 822 3921 sutellius
833 3863 979 3921 catholicos
992 3863 1115 3921 ecclesias
1128 3879 1180 3918 sun
1193 3865 1223 3920 c'n
1233 3866 1364 3938 potestate

269 3950 346 4009 dubet
380 3958 406 4010 et
431 3950 531 4009 socelin
559 3953 613 4008 sive
645 3949 797 4020 satelliam,
825 3947 917 4024 inquit
945 3942 1080 4007 cortinis.
1131 3946 1178 4004 ubi
1205 3946 1310 4004 mentio
1335 3941 1368 4004 fit

162 4041 256 4101 1²15?
272 4036 382 4111 sacelli,
415 4054 466 4107 ne,
489 4034 595 4111 cogites
623 4053 717 4092 curam
746 4033 923 4092 ecclesiarum
956 4033 1101 4091 excludere
1138 4031 1274 4090 caecilium
1301 4048 1367 4108 pro·

269 4122 331 4201 prie
361 4121 475 4180 dictum.
517 4125 548 4178 et
575 4119 701 4197 quamvis
727 4120 757 4176 in
790 4119 978 4196 descriptione
1003 4113 1088 4176 oflicii
1114 4120 1209 4191 magni
1234 4116 1369 4174 sacellarii

271 4209 365 4262 denuo
379 4225 448 4263 ouon
470 4211 615 4284 repetatur
636 4223 704 4262 citra
720 4203 851 4282 sacellos,
872 4209 996 4264 attamen
1017 4204 1109 4279 ipsum
1127 4221 1229 4259 nomeu
1253 4202 1282 4258 id
1299 4199 1367 4257 satis

269 4291 390 4350 iudicat:
408 4309 489 4349 nemo
504 4291 585 4352 enim
597 4291 726 4369 proprie,
744 4291 799 4352 iuno
819 4290 916 4352 sorem
936 4309 973 4349 ue
995 4293 1062 4370 apte
1080 4287 1192 4365 quidem
1210 4287 1368 4345 nominatur
