<?xml version="1.0" encoding="UTF-8"?>
<!DOCTYPE html PUBLIC "-//W3C//DTD XHTML 1.0 Transitional//EN"
    "http://www.w3.org/TR/xhtml1/DTD/xhtml1-transitional.dtd">
<html xmlns="http://www.w3.org/1999/xhtml" xml:lang="en" lang="en">
 <head>
  <title>
</title>
<meta http-equiv="Content-Type" content="text/html;charset=utf-8" />
  <meta name='ocr-system' content='tesseract 3.04.00' />
  <meta name='ocr-capabilities' content='ocr_page ocr_carea ocr_par ocr_line ocrx_word'/>
</head>
<body>
  <div class='ocr_page' id='page_1' title='image "./deofficialibusp01bekkgoog/deofficialibusp01bekkgoog_0015.png"; bbox 0 0 3050 4924; ppageno 0'>
   <div class='ocr_carea' id='block_1_1' title="bbox 188 711 1378 922">
    <p class='ocr_par' dir='ltr' id='par_1_1' title="bbox 188 711 1378 922">
     <span class='ocr_line' id='line_1_1' title="bbox 188 711 1378 922; baseline -0.008 -51"><span class='ocrx_word' id='word_1_1' title='bbox 188 903 190 912; x_wconf 8' lang='grc' dir='ltr'>ψ</span> <span class='ocrx_word' id='word_1_2' title='bbox 352 742 490 874; x_wconf 73' lang='grc' dir='ltr'><strong>ΓΡ..</strong></span> <span class='ocrx_word' id='word_1_3' title='bbox 528 757 900 872; x_wconf 77' lang='lat' dir='ltr'><strong>lucanus</strong></span> <span class='ocrx_word' id='word_1_4' title='bbox 941 711 1175 922; x_wconf 73' lang='lat' dir='ltr'><strong>Gonu</strong></span> <span class='ocrx_word' id='word_1_5' title='bbox 1374 720 1378 729; x_wconf 81' lang='grc'>’</span> 
     </span>
    </p>
   </div>
   <div class='ocr_carea' id='block_1_2' title="bbox 387 930 943 1054">
    <p class='ocr_par' dir='ltr' id='par_1_2' title="bbox 387 930 943 1054">
     <span class='ocr_line' id='line_1_2' title="bbox 387 930 943 1054; baseline -0.002 -45"><span class='ocrx_word' id='word_1_6' title='bbox 387 933 391 940; x_wconf 93' lang='grc'><em>·</em></span> <span class='ocrx_word' id='word_1_7' title='bbox 453 973 456 994; x_wconf 81' lang='lat'>·</span> <span class='ocrx_word' id='word_1_8' title='bbox 555 943 607 1050; x_wconf 16' lang='grc' dir='ltr'><strong>,χ</strong></span> <span class='ocrx_word' id='word_1_9' title='bbox 666 930 943 1054; x_wconf 75' lang='lat' dir='ltr'><strong>caccone</strong></span> 
     </span>
    </p>
   </div>
   <div class='ocr_carea' id='block_1_3' title="bbox 710 1082 913 1093">
    <p class='ocr_par' dir='ltr' id='par_1_3' title="bbox 710 1082 913 1093">
     <span class='ocr_line' id='line_1_3' title="bbox 710 1082 913 1093; baseline -0.015 0"><span class='ocrx_word' id='word_1_10' title='bbox 710 1082 913 1093; x_wconf 82' lang='lat'><strong>.......-....---</strong></span> 
     </span>
    </p>
   </div>
   <div class='ocr_carea' id='block_1_4' title="bbox 186 1184 1355 2740">
    <p class='ocr_par' dir='ltr' id='par_1_4' title="bbox 186 1184 1355 2740">
     <span class='ocr_line' id='line_1_4' title="bbox 228 1184 1347 1324; baseline -0.004 -39"><span class='ocrx_word' id='word_1_11' title='bbox 228 1231 230 1236; x_wconf 86' lang='lat'>&#39;</span> <span class='ocrx_word' id='word_1_12' title='bbox 256 1184 362 1324; x_wconf 84' lang='lat' dir='ltr'><strong>Quod</strong></span> <span class='ocrx_word' id='word_1_13' title='bbox 383 1245 435 1287; x_wconf 85' lang='lat' dir='ltr'><strong>usu</strong></span> <span class='ocrx_word' id='word_1_14' title='bbox 453 1228 527 1289; x_wconf 85' lang='lat' dir='ltr'><strong>solet</strong></span> <span class='ocrx_word' id='word_1_15' title='bbox 544 1221 653 1290; x_wconf 77' lang='lat' dir='ltr'><strong>evenne</strong></span> <span class='ocrx_word' id='word_1_16' title='bbox 669 1228 724 1289; x_wconf 89' lang='lat' dir='ltr'><strong>illis</strong></span> <span class='ocrx_word' id='word_1_17' title='bbox 742 1229 881 1306; x_wconf 86' lang='lat' dir='ltr'><strong>quiinter</strong></span> <span class='ocrx_word' id='word_1_18' title='bbox 896 1225 1076 1310; x_wconf 79' lang='lat' dir='ltr'><strong>expurganda</strong></span> <span class='ocrx_word' id='word_1_19' title='bbox 1095 1226 1249 1286; x_wconf 87' lang='lat' dir='ltr'><strong>dirutorum</strong></span> <span class='ocrx_word' id='word_1_20' title='bbox 1270 1222 1347 1282; x_wconf 89' lang='lat' dir='ltr'><strong>aedi-</strong></span> 
     </span>
     <span class='ocr_line' id='line_1_5' title="bbox 215 1311 1349 1407; baseline -0.01 -13"><span class='ocrx_word' id='word_1_21' title='bbox 215 1388 220 1394; x_wconf 86' lang='lat'><strong>.</strong></span> <span class='ocrx_word' id='word_1_22' title='bbox 255 1329 379 1388; x_wconf 83' lang='lat' dir='ltr'><strong>liciorum</strong></span> <span class='ocrx_word' id='word_1_23' title='bbox 401 1333 504 1392; x_wconf 82' lang='lat' dir='ltr'><strong>rudere</strong></span> <span class='ocrx_word' id='word_1_24' title='bbox 519 1340 627 1392; x_wconf 83' lang='lat' dir='ltr'><strong>veteres</strong></span> <span class='ocrx_word' id='word_1_25' title='bbox 649 1333 798 1394; x_wconf 82' lang='lat' dir='ltr'><strong>offendunt</strong></span> <span class='ocrx_word' id='word_1_26' title='bbox 817 1337 848 1391; x_wconf 90' lang='lat' dir='ltr'><strong>et</strong></span> <span class='ocrx_word' id='word_1_27' title='bbox 867 1329 1002 1392; x_wconf 76' lang='lat' dir='ltr'><strong>effodiunt</strong></span> <span class='ocrx_word' id='word_1_28' title='bbox 1025 1346 1162 1407; x_wconf 86' lang='lat' dir='ltr'><strong>nummos,</strong></span> <span class='ocrx_word' id='word_1_29' title='bbox 1189 1311 1258 1386; x_wconf 91' lang='lat' dir='ltr'><strong>illud</strong></span> <span class='ocrx_word' id='word_1_30' title='bbox 1273 1327 1349 1384; x_wconf 89' lang='lat' dir='ltr'><strong>idem</strong></span> 
     </span>
     <span class='ocr_line' id='line_1_6' title="bbox 256 1415 1349 1515; baseline 0.001 -25"><span class='ocrx_word' id='word_1_31' title='bbox 256 1431 391 1491; x_wconf 88' lang='lat' dir='ltr'><strong>hactenus</strong></span> <span class='ocrx_word' id='word_1_32' title='bbox 416 1433 566 1494; x_wconf 77' lang='lat' dir='ltr'><strong>Codiniani</strong></span> <span class='ocrx_word' id='word_1_33' title='bbox 590 1415 682 1515; x_wconf 85' lang='lat' dir='ltr'><strong>operis</strong></span> <span class='ocrx_word' id='word_1_34' title='bbox 703 1434 901 1514; x_wconf 84' lang='lat' dir='ltr'><strong>interpretibus</strong></span> <span class='ocrx_word' id='word_1_35' title='bbox 929 1433 1079 1512; x_wconf 83' lang='lat' dir='ltr'><strong>contigisse</strong></span> <span class='ocrx_word' id='word_1_36' title='bbox 1108 1433 1262 1507; x_wconf 87' lang='lat' dir='ltr'><strong>neminem,</strong></span> <span class='ocrx_word' id='word_1_37' title='bbox 1300 1426 1349 1503; x_wconf 74' lang='lat' dir='ltr'><strong>qui</strong></span> 
     </span>
     <span class='ocr_line' id='line_1_7' title="bbox 255 1533 1348 1618; baseline 0 -28"><span class='ocrx_word' id='word_1_38' title='bbox 255 1533 372 1618; x_wconf 85' lang='lat' dir='ltr'><strong>legerit,</strong></span> <span class='ocrx_word' id='word_1_39' title='bbox 398 1535 500 1595; x_wconf 85' lang='lat' dir='ltr'><strong>infitias</strong></span> <span class='ocrx_word' id='word_1_40' title='bbox 515 1537 619 1598; x_wconf 87' lang='lat' dir='ltr'><strong>iturum</strong></span> <span class='ocrx_word' id='word_1_41' title='bbox 633 1543 719 1618; x_wconf 90' lang='lat' dir='ltr'><strong>puto,</strong></span> <span class='ocrx_word' id='word_1_42' title='bbox 742 1537 781 1597; x_wconf 91' lang='lat' dir='ltr'><strong>illi</strong></span> <span class='ocrx_word' id='word_1_43' title='bbox 801 1537 937 1615; x_wconf 81' lang='lat' dir='ltr'><strong>siquidem</strong></span> <span class='ocrx_word' id='word_1_44' title='bbox 952 1533 1001 1594; x_wconf 91' lang='lat' dir='ltr'><strong>ubi</strong></span> <span class='ocrx_word' id='word_1_45' title='bbox 1019 1539 1131 1614; x_wconf 90' lang='lat' dir='ltr'><strong>praeter</strong></span> <span class='ocrx_word' id='word_1_46' title='bbox 1146 1551 1255 1593; x_wconf 89' lang='lat' dir='ltr'><strong>omnem</strong></span> <span class='ocrx_word' id='word_1_47' title='bbox 1269 1547 1348 1608; x_wconf 89' lang='lat' dir='ltr'><strong>spem</strong></span> 
     </span>
     <span class='ocr_line' id='line_1_8' title="bbox 252 1629 1349 1720; baseline -0.005 -26"><span class='ocrx_word' id='word_1_48' title='bbox 252 1635 284 1694; x_wconf 87' lang='lat' dir='ltr'><strong>iu</strong></span> <span class='ocrx_word' id='word_1_49' title='bbox 305 1636 420 1712; x_wconf 86' lang='lat' dir='ltr'><strong>aliquod</strong></span> <span class='ocrx_word' id='word_1_50' title='bbox 441 1629 578 1699; x_wconf 75' lang='lat' dir='ltr'><strong>numisma</strong></span> <span class='ocrx_word' id='word_1_51' title='bbox 594 1640 730 1718; x_wconf 79' lang='lat' dir='ltr'><strong>mcidere,</strong></span> <span class='ocrx_word' id='word_1_52' title='bbox 758 1658 789 1699; x_wconf 90' lang='lat' dir='ltr'><strong>se</strong></span> <span class='ocrx_word' id='word_1_53' title='bbox 808 1638 959 1720; x_wconf 82' lang='lat' dir='ltr'><strong>locupletes</strong></span> <span class='ocrx_word' id='word_1_54' title='bbox 973 1636 1149 1710; x_wconf 73' lang='lat' dir='ltr'><strong>mistimaut3</strong></span> <span class='ocrx_word' id='word_1_55' title='bbox 1178 1635 1255 1694; x_wconf 92' lang='lat' dir='ltr'><strong>unde</strong></span> <span class='ocrx_word' id='word_1_56' title='bbox 1273 1633 1349 1690; x_wconf 89' lang='lat' dir='ltr'><strong>facto</strong></span> 
     </span>
     <span class='ocr_line' id='line_1_9' title="bbox 253 1737 1350 1818; baseline -0.005 -22"><span class='ocrx_word' id='word_1_57' title='bbox 253 1737 361 1817; x_wconf 81' lang='lat' dir='ltr'><strong>impetu</strong></span> <span class='ocrx_word' id='word_1_58' title='bbox 375 1738 501 1818; x_wconf 74' lang='lat' dir='ltr'><strong>irruum,</strong></span> <span class='ocrx_word' id='word_1_59' title='bbox 522 1745 552 1800; x_wconf 88' lang='lat' dir='ltr'><strong>et</strong></span> <span class='ocrx_word' id='word_1_60' title='bbox 575 1742 657 1818; x_wconf 86' lang='lat' dir='ltr'><strong>quasi</strong></span> <span class='ocrx_word' id='word_1_61' title='bbox 670 1743 743 1802; x_wconf 89' lang='lat' dir='ltr'><strong>foret</strong></span> <span class='ocrx_word' id='word_1_62' title='bbox 762 1741 899 1801; x_wconf 86' lang='lat' dir='ltr'><strong>reconditi</strong></span> <span class='ocrx_word' id='word_1_63' title='bbox 918 1739 1039 1800; x_wconf 80' lang='lat' dir='ltr'><strong>thesauri</strong></span> <span class='ocrx_word' id='word_1_64' title='bbox 1058 1742 1263 1816; x_wconf 79' lang='lat' dir='ltr'><strong>argumentum,</strong></span> <span class='ocrx_word' id='word_1_65' title='bbox 1290 1751 1350 1792; x_wconf 90' lang='lat' dir='ltr'><strong>ma·</strong></span> 
     </span>
     <span class='ocr_line' id='line_1_10' title="bbox 254 1829 1352 1928; baseline 0.013 -31"><span class='ocrx_word' id='word_1_66' title='bbox 254 1840 307 1898; x_wconf 78' lang='lat' dir='ltr'><strong>ioli</strong></span> <span class='ocrx_word' id='word_1_67' title='bbox 320 1829 585 1928; x_wconf 45' lang='lat' dir='ltr'><strong>conamine&#39;tenam</strong></span> <span class='ocrx_word' id='word_1_68' title='bbox 603 1845 668 1903; x_wconf 85' lang='lat' dir='ltr'><strong>ilinc</strong></span> <span class='ocrx_word' id='word_1_69' title='bbox 687 1845 754 1904; x_wconf 91' lang='lat' dir='ltr'><strong>inde</strong></span> <span class='ocrx_word' id='word_1_70' title='bbox 774 1850 886 1923; x_wconf 83' lang='lat' dir='ltr'><strong>eruum,</strong></span> <span class='ocrx_word' id='word_1_71' title='bbox 907 1843 1040 1922; x_wconf 80' lang='lat' dir='ltr'><strong>gaudent,</strong></span> <span class='ocrx_word' id='word_1_72' title='bbox 1058 1842 1204 1924; x_wconf 74' lang='lat' dir='ltr'><strong>mirantur,</strong></span> <span class='ocrx_word' id='word_1_73' title='bbox 1224 1840 1352 1916; x_wconf 81' lang='lat' dir='ltr'><strong>sperant,</strong></span> 
     </span>
     <span class='ocr_line' id='line_1_11' title="bbox 256 1931 1353 2024; baseline 0.005 -23"><span class='ocrx_word' id='word_1_74' title='bbox 256 1948 289 2001; x_wconf 47' lang='lat' dir='ltr'><strong>et*</strong></span> <span class='ocrx_word' id='word_1_75' title='bbox 315 1931 459 2019; x_wconf 78' lang='lat' dir='ltr'><strong>quodnam</strong></span> <span class='ocrx_word' id='word_1_76' title='bbox 481 1945 519 2004; x_wconf 90' lang='lat' dir='ltr'><strong>sit</strong></span> <span class='ocrx_word' id='word_1_77' title='bbox 541 1947 646 2006; x_wconf 87' lang='lat' dir='ltr'><strong>metalli</strong></span> <span class='ocrx_word' id='word_1_78' title='bbox 669 1945 831 2024; x_wconf 83' lang='lat' dir='ltr'><strong>genus&#39;aut</strong></span> <span class='ocrx_word' id='word_1_79' title='bbox 862 1939 991 2008; x_wconf 88' lang='lat' dir='ltr'><strong>monetae</strong></span> <span class='ocrx_word' id='word_1_80' title='bbox 1020 1944 1127 2024; x_wconf 90' lang='lat' dir='ltr'><strong>species</strong></span> <span class='ocrx_word' id='word_1_81' title='bbox 1149 1937 1353 2013; x_wconf 78' lang='lat' dir='ltr'><strong>unusquisque,</strong></span> 
     </span>
     <span class='ocr_line' id='line_1_12' title="bbox 254 2037 1353 2127; baseline -0.007 -25"><span class='ocrx_word' id='word_1_82' title='bbox 254 2050 341 2124; x_wconf 85' lang='lat' dir='ltr'><strong>prout</strong></span> <span class='ocrx_word' id='word_1_83' title='bbox 366 2045 454 2108; x_wconf 88' lang='lat' dir='ltr'><strong>menti</strong></span> <span class='ocrx_word' id='word_1_84' title='bbox 477 2049 614 2127; x_wconf 88' lang='lat' dir='ltr'><strong>occurrit,</strong></span> <span class='ocrx_word' id='word_1_85' title='bbox 643 2049 851 2125; x_wconf 83' lang='lat' dir='ltr'><strong>interpretatur.</strong></span> <span class='ocrx_word' id='word_1_86' title='bbox 892 2068 938 2108; x_wconf 88' lang='lat' dir='ltr'><strong>me</strong></span> <span class='ocrx_word' id='word_1_87' title='bbox 958 2047 1094 2123; x_wconf 84' lang='lat' dir='ltr'><strong>Hercule,</strong></span> <span class='ocrx_word' id='word_1_88' title='bbox 1121 2045 1146 2102; x_wconf 90' lang='lat' dir='ltr'><strong>si</strong></span> <span class='ocrx_word' id='word_1_89' title='bbox 1174 2060 1232 2100; x_wconf 88' lang='lat' dir='ltr'><strong>non</strong></span> <span class='ocrx_word' id='word_1_90' title='bbox 1258 2037 1353 2096; x_wconf 85' lang='lat' dir='ltr'><strong>felices</strong></span> 
     </span>
     <span class='ocr_line' id='line_1_13' title="bbox 255 2135 1355 2226; baseline -0.007 -22"><span class='ocrx_word' id='word_1_91' title='bbox 255 2135 379 2226; x_wconf 86' lang='lat' dir='ltr'><strong>omnino,</strong></span> <span class='ocrx_word' id='word_1_92' title='bbox 397 2148 422 2206; x_wconf 88' lang='lat' dir='ltr'><strong>si</strong></span> <span class='ocrx_word' id='word_1_93' title='bbox 436 2165 494 2205; x_wconf 90' lang='lat' dir='ltr'><strong>non</strong></span> <span class='ocrx_word' id='word_1_94' title='bbox 506 2147 606 2205; x_wconf 89' lang='lat' dir='ltr'><strong>divites</strong></span> <span class='ocrx_word' id='word_1_95' title='bbox 620 2146 669 2225; x_wconf 90' lang='lat' dir='ltr'><strong>illi,</strong></span> <span class='ocrx_word' id='word_1_96' title='bbox 689 2147 774 2208; x_wconf 90' lang='lat' dir='ltr'><strong>beata</strong></span> <span class='ocrx_word' id='word_1_97' title='bbox 785 2148 952 2221; x_wconf 79' lang='lat' dir='ltr'><strong>numismata</strong></span> <span class='ocrx_word' id='word_1_98' title='bbox 967 2165 1038 2224; x_wconf 89' lang='lat' dir='ltr'><strong>quae</strong></span> <span class='ocrx_word' id='word_1_99' title='bbox 1050 2146 1081 2204; x_wconf 90' lang='lat' dir='ltr'><strong>in</strong></span> <span class='ocrx_word' id='word_1_100' title='bbox 1093 2143 1203 2204; x_wconf 92' lang='lat' dir='ltr'><strong>illorum</strong></span> <span class='ocrx_word' id='word_1_101' title='bbox 1217 2142 1355 2200; x_wconf 87' lang='lat' dir='ltr'><strong>devenere</strong></span> 
     </span>
     <span class='ocr_line' id='line_1_14' title="bbox 255 2237 1354 2327; baseline -0.004 -22"><span class='ocrx_word' id='word_1_102' title='bbox 255 2237 386 2325; x_wconf 73' lang='lat' dir='ltr'><strong>manus,</strong></span> <span class='ocrx_word' id='word_1_103' title='bbox 397 2237 516 2324; x_wconf 81' lang='lat' dir='ltr'><strong>quarum</strong></span> <span class='ocrx_word' id='word_1_104' title='bbox 537 2268 624 2327; x_wconf 91' lang='lat' dir='ltr'><strong>opera</strong></span> <span class='ocrx_word' id='word_1_105' title='bbox 647 2255 819 2311; x_wconf 88' lang='lat' dir='ltr'><strong>contractam</strong></span> <span class='ocrx_word' id='word_1_106' title='bbox 838 2237 972 2311; x_wconf 81' lang='lat' dir='ltr'><strong>amittunt</strong></span> <span class='ocrx_word' id='word_1_107' title='bbox 989 2247 1152 2326; x_wconf 83' lang='lat' dir='ltr'><strong>rubiginem,</strong></span> <span class='ocrx_word' id='word_1_108' title='bbox 1175 2251 1206 2303; x_wconf 92' lang='lat' dir='ltr'><strong>et</strong></span> <span class='ocrx_word' id='word_1_109' title='bbox 1220 2241 1354 2321; x_wconf 90' lang='lat' dir='ltr'><strong>quicquid</strong></span> 
     </span>
     <span class='ocr_line' id='line_1_15' title="bbox 254 2333 1353 2432; baseline -0.005 -24"><span class='ocrx_word' id='word_1_110' title='bbox 254 2337 414 2425; x_wconf 68' lang='lat' dir='ltr'><strong>squalidum</strong></span> <span class='ocrx_word' id='word_1_111' title='bbox 438 2349 604 2409; x_wconf 79' lang='lat' dir='ltr'><strong>arlhaeserat</strong></span> <span class='ocrx_word' id='word_1_112' title='bbox 625 2333 787 2432; x_wconf 82' lang='lat' dir='ltr'><strong>deponunt,</strong></span> <span class='ocrx_word' id='word_1_113' title='bbox 816 2355 857 2414; x_wconf 85' lang='lat' dir='ltr'><strong>ita</strong></span> <span class='ocrx_word' id='word_1_114' title='bbox 875 2356 910 2412; x_wconf 90' lang='lat' dir='ltr'><strong>ut</strong></span> <span class='ocrx_word' id='word_1_115' title='bbox 932 2351 956 2410; x_wconf 93' lang='lat' dir='ltr'><strong>si</strong></span> <span class='ocrx_word' id='word_1_116' title='bbox 974 2365 1032 2410; x_wconf 90' lang='lat' dir='ltr'><strong>non</strong></span> <span class='ocrx_word' id='word_1_117' title='bbox 1048 2345 1206 2429; x_wconf 86' lang='lat' dir='ltr'><strong>pristinum</strong></span> <span class='ocrx_word' id='word_1_118' title='bbox 1221 2344 1353 2419; x_wconf 89' lang='lat' dir='ltr'><strong>valorem,</strong></span> 
     </span>
     <span class='ocr_line' id='line_1_16' title="bbox 254 2439 1354 2536; baseline -0.006 -26"><span class='ocrx_word' id='word_1_119' title='bbox 254 2443 424 2512; x_wconf 79' lang='lat' dir='ltr'><strong>restitumm&#39;</strong></span> <span class='ocrx_word' id='word_1_120' title='bbox 439 2452 546 2512; x_wconf 60' lang='lat' dir='ltr'><strong>saltem«</strong></span> <span class='ocrx_word' id='word_1_121' title='bbox 563 2471 598 2512; x_wconf 86' lang='lat' dir='ltr'><strong>ex</strong></span> <span class='ocrx_word' id='word_1_122' title='bbox 622 2453 717 2529; x_wconf 87' lang='lat' dir='ltr'><strong>aliqua</strong></span> <span class='ocrx_word' id='word_1_123' title='bbox 742 2455 823 2536; x_wconf 79' lang='lat' dir='ltr'><strong>palte</strong></span> <span class='ocrx_word' id='word_1_124' title='bbox 846 2455 984 2536; x_wconf 87' lang='lat' dir='ltr'><strong>recipiunt</strong></span> <span class='ocrx_word' id='word_1_125' title='bbox 1006 2451 1190 2531; x_wconf 86' lang='lat' dir='ltr'><strong>splendorem.</strong></span> <span class='ocrx_word' id='word_1_126' title='bbox 1230 2439 1354 2508; x_wconf 82' lang='lat' dir='ltr'><strong>fossores</strong></span> 
     </span>
     <span class='ocr_line' id='line_1_17' title="bbox 254 2539 1355 2639; baseline -0.006 -28"><span class='ocrx_word' id='word_1_127' title='bbox 254 2572 323 2612; x_wconf 91' lang='lat' dir='ltr'><strong>vero</strong></span> <span class='ocrx_word' id='word_1_128' title='bbox 340 2545 527 2614; x_wconf 81' lang='lat' dir='ltr'><strong>nec³ditiores</strong></span> <span class='ocrx_word' id='word_1_129' title='bbox 545 2574 597 2614; x_wconf 89' lang='lat' dir='ltr'><strong>uec</strong></span> <span class='ocrx_word' id='word_1_130' title='bbox 616 2543 751 2619; x_wconf 83' lang='lat' dir='ltr'><strong>feliciores</strong></span> <span class='ocrx_word' id='word_1_131' title='bbox 773 2558 884 2639; x_wconf 84' lang='lat' dir='ltr'><strong>appello</strong></span> <span class='ocrx_word' id='word_1_132' title='bbox 891 2601 903 2638; x_wconf 95' lang='lat'><strong>,</strong></span> <span class='ocrx_word' id='word_1_133' title='bbox 934 2556 958 2615; x_wconf 90' lang='lat' dir='ltr'><strong>si</strong></span> <span class='ocrx_word' id='word_1_134' title='bbox 983 2557 1103 2635; x_wconf 89' lang='lat' dir='ltr'><strong>pretium</strong></span> <span class='ocrx_word' id='word_1_135' title='bbox 1127 2539 1305 2624; x_wconf 84' lang='lat' dir='ltr'><strong>nullumsit,</strong></span> <span class='ocrx_word' id='word_1_136' title='bbox 1330 2543 1355 2604; x_wconf 89' lang='lat' dir='ltr'><strong>si</strong></span> 
     </span>
     <span class='ocr_line' id='line_1_18' title="bbox 186 2647 1355 2740; baseline 0 -30"><span class='ocrx_word' id='word_1_137' title='bbox 186 2702 190 2710; x_wconf 93' lang='lat'><strong>.</strong></span> <span class='ocrx_word' id='word_1_138' title='bbox 255 2647 332 2714; x_wconf 80' lang='lat' dir='ltr'><strong>cuius</strong></span> <span class='ocrx_word' id='word_1_139' title='bbox 353 2657 485 2737; x_wconf 70' lang='lat' dir='ltr'><strong>principis</strong></span> <span class='ocrx_word' id='word_1_140' title='bbox 505 2662 714 2740; x_wconf 85' lang='lat' dir='ltr'><strong>inscriptionem</strong></span> <span class='ocrx_word' id='word_1_141' title='bbox 736 2661 873 2720; x_wconf 89' lang='lat' dir='ltr'><strong>numisma</strong></span> <span class='ocrx_word' id='word_1_142' title='bbox 898 2659 971 2718; x_wconf 89' lang='lat' dir='ltr'><strong>ferat</strong></span> <span class='ocrx_word' id='word_1_143' title='bbox 995 2664 1045 2716; x_wconf 88' lang='lat' dir='ltr'><strong>aut</strong></span> <span class='ocrx_word' id='word_1_144' title='bbox 1069 2654 1222 2731; x_wconf 80' lang='lat' dir='ltr'><strong>imaginem</strong></span> <span class='ocrx_word' id='word_1_145' title='bbox 1242 2663 1355 2730; x_wconf 84' lang='lat' dir='ltr'><strong>reprae-</strong></span> 
     </span>
    </p>
   </div>
   <div class='ocr_carea' id='block_1_5' title="bbox 1367 1739 1394 1777">
    <p class='ocr_par' dir='ltr' id='par_1_5' title="bbox 1367 1739 1394 1777">
     <span class='ocr_line' id='line_1_19' title="bbox 1367 1739 1394 1777; baseline 0 0"><span class='ocrx_word' id='word_1_146' title='bbox 1367 1739 1394 1777; x_wconf 58' lang='lat' dir='ltr'><em>J</em></span> 
     </span>
    </p>
   </div>
   <div class='ocr_carea' id='block_1_6' title="bbox 256 2747 1394 2846">
    <p class='ocr_par' dir='ltr' id='par_1_6' title="bbox 256 2747 1394 2846">
     <span class='ocr_line' id='line_1_20' title="bbox 256 2747 1394 2846; baseline -0.008 -30"><span class='ocrx_word' id='word_1_147' title='bbox 256 2759 350 2816; x_wconf 88' lang='lat' dir='ltr'><strong>sentet</strong></span> <span class='ocrx_word' id='word_1_148' title='bbox 374 2759 513 2836; x_wconf 86' lang='lat' dir='ltr'><strong>ignorent.</strong></span> <span class='ocrx_word' id='word_1_149' title='bbox 556 2782 654 2823; x_wconf 83' lang='lat' dir='ltr'><strong>exesos</strong></span> <span class='ocrx_word' id='word_1_150' title='bbox 680 2763 808 2842; x_wconf 83' lang='lat' dir='ltr'><strong>rubigine</strong></span> <span class='ocrx_word' id='word_1_151' title='bbox 818 2762 1000 2846; x_wconf 37' lang='lat' dir='ltr'><strong>,characteres</strong></span> <span class='ocrx_word' id='word_1_152' title='bbox 1021 2756 1221 2844; x_wconf 78' lang='lat' dir='ltr'><strong>perlustraut;&#39;</strong></span> <span class='ocrx_word' id='word_1_153' title='bbox 1245 2771 1278 2811; x_wconf 90' lang='lat' dir='ltr'><strong>ac</strong></span> <span class='ocrx_word' id='word_1_154' title='bbox 1300 2747 1355 2808; x_wconf 89' lang='lat' dir='ltr'><strong>nisi</strong></span> <span class='ocrx_word' id='word_1_155' title='bbox 1392 2760 1394 2764; x_wconf 83' lang='grc'><strong>’</strong></span> 
     </span>
    </p>
   </div>
   <div class='ocr_carea' id='block_1_7' title="bbox 258 2851 1357 3048">
    <p class='ocr_par' dir='ltr' id='par_1_7' title="bbox 258 2851 1357 3048">
     <span class='ocr_line' id='line_1_21' title="bbox 258 2851 1356 2953; baseline -0.004 -35"><span class='ocrx_word' id='word_1_156' title='bbox 258 2861 402 2920; x_wconf 76' lang='lat' dir='ltr'><strong>vaticinari</strong></span> <span class='ocrx_word' id='word_1_157' title='bbox 426 2851 554 2924; x_wconf 83' lang='lat' dir='ltr'><strong>noverint</strong></span> <span class='ocrx_word' id='word_1_158' title='bbox 580 2873 630 2926; x_wconf 92' lang='lat' dir='ltr'><strong>aut</strong></span> <span class='ocrx_word' id='word_1_159' title='bbox 654 2867 766 2926; x_wconf 85' lang='lat' dir='ltr'><strong>aliunde</strong></span> <span class='ocrx_word' id='word_1_160' title='bbox 789 2863 946 2953; x_wconf 86' lang='lat' dir='ltr'><strong>acceperint</strong></span> <span class='ocrx_word' id='word_1_161' title='bbox 968 2861 1036 2937; x_wconf 92' lang='lat' dir='ltr'><strong>quid</strong></span> <span class='ocrx_word' id='word_1_162' title='bbox 1059 2860 1155 2951; x_wconf 79' lang='lat' dir='ltr'><strong>literae</strong></span> <span class='ocrx_word' id='word_1_163' title='bbox 1177 2859 1222 2919; x_wconf 90' lang='lat' dir='ltr'><strong>vel</strong></span> <span class='ocrx_word' id='word_1_164' title='bbox 1249 2860 1356 2936; x_wconf 86' lang='lat' dir='ltr'><strong>figurae</strong></span> 
     </span>
     <span class='ocr_line' id='line_1_22' title="bbox 259 2955 1357 3048; baseline 0.001 -28"><span class='ocrx_word' id='word_1_165' title='bbox 259 2963 432 3044; x_wconf 74' lang='lat' dir='ltr'><strong>siguificent,</strong></span> <span class='ocrx_word' id='word_1_166' title='bbox 458 2984 517 3026; x_wconf 92' lang='lat' dir='ltr'><strong>non</strong></span> <span class='ocrx_word' id='word_1_167' title='bbox 539 2970 736 3048; x_wconf 84' lang='lat' dir='ltr'><strong>explanabunt.</strong></span> <span class='ocrx_word' id='word_1_168' title='bbox 778 2955 969 3026; x_wconf 79' lang='lat' dir='ltr'><strong>verirmtamen</strong></span> <span class='ocrx_word' id='word_1_169' title='bbox 990 2961 1069 3041; x_wconf 88' lang='lat' dir='ltr'><strong>quod</strong></span> <span class='ocrx_word' id='word_1_170' title='bbox 1096 2963 1134 3021; x_wconf 89' lang='lat' dir='ltr'><strong>ad</strong></span> <span class='ocrx_word' id='word_1_171' title='bbox 1158 2955 1268 3022; x_wconf 64' lang='lat' dir='ltr'><strong>Codini‘</strong></span> <span class='ocrx_word' id='word_1_172' title='bbox 1284 2979 1357 3038; x_wconf 78' lang='lat' dir='ltr'><strong>opus</strong></span> 
     </span>
    </p>
   </div>
   <div class='ocr_carea' id='block_1_8' title="bbox 156 3064 1359 3158">
    <p class='ocr_par' dir='ltr' id='par_1_8' title="bbox 156 3064 1359 3158">
     <span class='ocr_line' id='line_1_23' title="bbox 156 3064 1359 3158; baseline -0.008 -30"><span class='ocrx_word' id='word_1_173' title='bbox 156 3115 159 3128; x_wconf 85' lang='lat'><strong>.</strong></span> <span class='ocrx_word' id='word_1_174' title='bbox 259 3068 394 3145; x_wconf 83' lang='lat' dir='ltr'><strong>attinet,¹</strong></span> <span class='ocrx_word' id='word_1_175' title='bbox 412 3070 520 3130; x_wconf 84' lang='lat' dir='ltr'><strong>etiamsi</strong></span> <span class='ocrx_word' id='word_1_176' title='bbox 542 3091 609 3150; x_wconf 89' lang='lat' dir='ltr'><strong>prae</strong></span> <span class='ocrx_word' id='word_1_177' title='bbox 634 3075 774 3132; x_wconf 71' lang='lat' dir='ltr'><strong>venustate</strong></span> <span class='ocrx_word' id='word_1_178' title='bbox 802 3089 860 3129; x_wconf 94' lang='lat' dir='ltr'><strong>non</strong></span> <span class='ocrx_word' id='word_1_179' title='bbox 885 3065 1106 3158; x_wconf 65' lang='lat' dir='ltr'><strong>situancidmn,</strong></span> <span class='ocrx_word' id='word_1_180' title='bbox 1140 3069 1207 3144; x_wconf 75' lang='lat' dir='ltr'><strong>prae</strong></span> <span class='ocrx_word' id='word_1_181' title='bbox 1233 3064 1359 3122; x_wconf 87' lang='lat' dir='ltr'><strong>novitate</strong></span> 
     </span>
    </p>
   </div>
   <div class='ocr_carea' id='block_1_9' title="bbox 237 3162 1363 4274">
    <p class='ocr_par' dir='ltr' id='par_1_9' title="bbox 237 3162 1363 4274">
     <span class='ocr_line' id='line_1_24' title="bbox 259 3162 1358 3249; baseline -0.006 -21"><span class='ocrx_word' id='word_1_182' title='bbox 259 3174 369 3248; x_wconf 91' lang='lat' dir='ltr'><strong>tamen,</strong></span> <span class='ocrx_word' id='word_1_183' title='bbox 397 3179 471 3248; x_wconf 84' lang='lat' dir='ltr'><strong>q&#39;uae</strong></span> <span class='ocrx_word' id='word_1_184' title='bbox 493 3167 727 3234; x_wconf 83' lang='lat' dir='ltr'><strong>maioremlucern</strong></span> <span class='ocrx_word' id='word_1_185' title='bbox 743 3171 946 3249; x_wconf 85' lang='lat' dir='ltr'><strong>utplurimum</strong></span> <span class='ocrx_word' id='word_1_186' title='bbox 970 3167 1085 3227; x_wconf 89' lang='lat' dir='ltr'><strong>deberet</strong></span> <span class='ocrx_word' id='word_1_187' title='bbox 1107 3162 1285 3244; x_wconf 74' lang='lat' dir='ltr'><strong>promittere,</strong></span> <span class='ocrx_word' id='word_1_188' title='bbox 1315 3165 1358 3222; x_wconf 64' lang='lat' dir='ltr'><strong>inss</strong></span> 
     </span>
     <span class='ocr_line' id='line_1_25' title="bbox 259 3263 1359 3353; baseline -0.005 -24"><span class='ocrx_word' id='word_1_189' title='bbox 259 3273 369 3331; x_wconf 90' lang='lat' dir='ltr'><strong>venitur</strong></span> <span class='ocrx_word' id='word_1_190' title='bbox 387 3263 544 3339; x_wconf 76' lang='lat' dir='ltr'><strong>obscurum.</strong></span> <span class='ocrx_word' id='word_1_191' title='bbox 586 3279 623 3335; x_wconf 92' lang='lat' dir='ltr'><strong>de</strong></span> <span class='ocrx_word' id='word_1_192' title='bbox 643 3291 750 3353; x_wconf 89' lang='lat' dir='ltr'><strong>nupera</strong></span> <span class='ocrx_word' id='word_1_193' title='bbox 772 3289 893 3348; x_wconf 90' lang='lat' dir='ltr'><strong>namque</strong></span> <span class='ocrx_word' id='word_1_194' title='bbox 913 3271 1003 3331; x_wconf 91' lang='lat' dir='ltr'><strong>solum</strong></span> <span class='ocrx_word' id='word_1_195' title='bbox 1017 3269 1135 3328; x_wconf 84' lang='lat' dir='ltr'><strong>Graecia</strong></span> <span class='ocrx_word' id='word_1_196' title='bbox 1147 3269 1273 3352; x_wconf 88' lang='lat' dir='ltr'><strong>Codinus</strong></span> <span class='ocrx_word' id='word_1_197' title='bbox 1288 3265 1359 3344; x_wconf 87' lang='lat' dir='ltr'><strong>agit,</strong></span> 
     </span>
     <span class='ocr_line' id='line_1_26' title="bbox 257 3370 1359 3453; baseline -0.004 -20"><span class='ocrx_word' id='word_1_198' title='bbox 257 3393 315 3434; x_wconf 91' lang='lat' dir='ltr'><strong>non</strong></span> <span class='ocrx_word' id='word_1_199' title='bbox 339 3376 452 3436; x_wconf 87' lang='lat' dir='ltr'><strong>vocibus</strong></span> <span class='ocrx_word' id='word_1_200' title='bbox 481 3383 591 3436; x_wconf 89' lang='lat' dir='ltr'><strong>tantum</strong></span> <span class='ocrx_word' id='word_1_201' title='bbox 616 3377 712 3453; x_wconf 83' lang='lat' dir='ltr'><strong>novis,</strong></span> <span class='ocrx_word' id='word_1_202' title='bbox 736 3375 805 3453; x_wconf 90' lang='lat' dir='ltr'><strong>sed,</strong></span> <span class='ocrx_word' id='word_1_203' title='bbox 839 3373 917 3450; x_wconf 92' lang='lat' dir='ltr'><strong>quod</strong></span> <span class='ocrx_word' id='word_1_204' title='bbox 933 3375 1031 3433; x_wconf 75' lang='lat' dir='ltr'><strong>ninum</strong></span> <span class='ocrx_word' id='word_1_205' title='bbox 1049 3377 1110 3450; x_wconf 88' lang='lat' dir='ltr'><strong>est,</strong></span> <span class='ocrx_word' id='word_1_206' title='bbox 1141 3373 1197 3432; x_wconf 89' lang='lat' dir='ltr'><strong>iam</strong></span> <span class='ocrx_word' id='word_1_207' title='bbox 1216 3370 1359 3432; x_wconf 81' lang='lat' dir='ltr'><strong>obsoletis.</strong></span> 
     </span>
     <span class='ocr_line' id='line_1_27' title="bbox 237 3475 1360 3558; baseline -0.002 -24"><span class='ocrx_word' id='word_1_208' title='bbox 237 3496 326 3557; x_wconf 47' lang='lat' dir='ltr'><strong>,usus</strong></span> <span class='ocrx_word' id='word_1_209' title='bbox 347 3480 469 3558; x_wconf 90' lang='lat' dir='ltr'><strong>quippe,</strong></span> <span class='ocrx_word' id='word_1_210' title='bbox 498 3480 547 3556; x_wconf 89' lang='lat' dir='ltr'><strong>qui</strong></span> <span class='ocrx_word' id='word_1_211' title='bbox 570 3479 738 3538; x_wconf 82' lang='lat' dir='ltr'><strong>recentiores</strong></span> <span class='ocrx_word' id='word_1_212' title='bbox 753 3477 824 3535; x_wconf 91' lang='lat' dir='ltr'><strong>ritus</strong></span> <span class='ocrx_word' id='word_1_213' title='bbox 845 3495 937 3538; x_wconf 87' lang='lat' dir='ltr'><strong>mores</strong></span> <span class='ocrx_word' id='word_1_214' title='bbox 965 3476 1057 3536; x_wconf 84' lang='lat' dir='ltr'><strong>officie</strong></span> <span class='ocrx_word' id='word_1_215' title='bbox 1082 3479 1193 3554; x_wconf 88' lang='lat' dir='ltr'><strong>vestes,</strong></span> <span class='ocrx_word' id='word_1_216' title='bbox 1217 3475 1360 3550; x_wconf 87' lang='lat' dir='ltr'><strong>integrum</strong></span> 
     </span>
     <span class='ocr_line' id='line_1_28' title="bbox 259 3576 1359 3657; baseline -0.002 -21"><span class='ocrx_word' id='word_1_217' title='bbox 259 3578 381 3656; x_wconf 89' lang='lat' dir='ltr'><strong>denique</strong></span> <span class='ocrx_word' id='word_1_218' title='bbox 406 3579 541 3640; x_wconf 88' lang='lat' dir='ltr'><strong>Graeciae</strong></span> <span class='ocrx_word' id='word_1_219' title='bbox 555 3586 661 3643; x_wconf 88' lang='lat' dir='ltr'><strong>statum</strong></span> <span class='ocrx_word' id='word_1_220' title='bbox 683 3579 803 3657; x_wconf 82' lang='lat' dir='ltr'><strong>invexit,</strong></span> <span class='ocrx_word' id='word_1_221' title='bbox 839 3580 963 3639; x_wconf 88' lang='lat' dir='ltr'><strong>Orientis</strong></span> <span class='ocrx_word' id='word_1_222' title='bbox 985 3597 1081 3639; x_wconf 91' lang='lat' dir='ltr'><strong>everso</strong></span> <span class='ocrx_word' id='word_1_223' title='bbox 1098 3577 1214 3656; x_wconf 91' lang='lat' dir='ltr'><strong>imperio</strong></span> <span class='ocrx_word' id='word_1_224' title='bbox 1231 3576 1359 3635; x_wconf 89' lang='lat' dir='ltr'><strong>funditus</strong></span> 
     </span>
     <span class='ocr_line' id='line_1_29' title="bbox 257 3680 1361 3761; baseline -0.002 -23"><span class='ocrx_word' id='word_1_225' title='bbox 257 3680 379 3755; x_wconf 88' lang='lat' dir='ltr'><strong>interiit;</strong></span> <span class='ocrx_word' id='word_1_226' title='bbox 418 3688 449 3741; x_wconf 92' lang='lat' dir='ltr'><strong>et</strong></span> <span class='ocrx_word' id='word_1_227' title='bbox 477 3682 529 3742; x_wconf 91' lang='lat' dir='ltr'><strong>sub</strong></span> <span class='ocrx_word' id='word_1_228' title='bbox 557 3683 645 3761; x_wconf 88' lang='lat' dir='ltr'><strong>ipsius</strong></span> <span class='ocrx_word' id='word_1_229' title='bbox 661 3682 758 3761; x_wconf 88' lang='lat' dir='ltr'><strong>Cpolis</strong></span> <span class='ocrx_word' id='word_1_230' title='bbox 786 3681 890 3759; x_wconf 82' lang='lat' dir='ltr'><strong>urinis,</strong></span> <span class='ocrx_word' id='word_1_231' title='bbox 924 3700 997 3757; x_wconf 87' lang='lat' dir='ltr'><strong>quae</strong></span> <span class='ocrx_word' id='word_1_232' title='bbox 1018 3687 1085 3740; x_wconf 91' lang='lat' dir='ltr'><strong>ante</strong></span> <span class='ocrx_word' id='word_1_233' title='bbox 1099 3681 1235 3738; x_wconf 88' lang='lat' dir='ltr'><strong>ducentos</strong></span> <span class='ocrx_word' id='word_1_234' title='bbox 1249 3683 1361 3737; x_wconf 86' lang='lat' dir='ltr'><strong>tantum</strong></span> 
     </span>
     <span class='ocr_line' id='line_1_30' title="bbox 258 3780 1361 3862; baseline -0.005 -20"><span class='ocrx_word' id='word_1_235' title='bbox 258 3801 349 3842; x_wconf 88' lang='lat' dir='ltr'><strong>annos</strong></span> <span class='ocrx_word' id='word_1_236' title='bbox 372 3784 401 3842; x_wconf 94' lang='lat' dir='ltr'><strong>in</strong></span> <span class='ocrx_word' id='word_1_237' title='bbox 427 3804 461 3843; x_wconf 90' lang='lat' dir='ltr'><strong>ea</strong></span> <span class='ocrx_word' id='word_1_238' title='bbox 484 3784 618 3862; x_wconf 86' lang='lat' dir='ltr'><strong>vigebant</strong></span> <span class='ocrx_word' id='word_1_239' title='bbox 641 3783 873 3862; x_wconf 85' lang='lat' dir='ltr'><strong>consuetudines,</strong></span> <span class='ocrx_word' id='word_1_240' title='bbox 910 3785 976 3860; x_wconf 91' lang='lat' dir='ltr'><strong>quia</strong></span> <span class='ocrx_word' id='word_1_241' title='bbox 998 3786 1086 3843; x_wconf 90' lang='lat' dir='ltr'><strong>ferme</strong></span> <span class='ocrx_word' id='word_1_242' title='bbox 1108 3801 1183 3841; x_wconf 84' lang='lat' dir='ltr'><strong>novo</strong></span> <span class='ocrx_word' id='word_1_243' title='bbox 1208 3786 1239 3840; x_wconf 90' lang='lat' dir='ltr'><strong>et</strong></span> <span class='ocrx_word' id='word_1_244' title='bbox 1260 3780 1361 3856; x_wconf 89' lang='lat' dir='ltr'><strong>ignoto</strong></span> 
     </span>
     <span class='ocr_line' id='line_1_31' title="bbox 259 3884 1363 3965; baseline -0.005 -23"><span class='ocrx_word' id='word_1_245' title='bbox 259 3884 395 3960; x_wconf 88' lang='lat' dir='ltr'><strong>loquendi</strong></span> <span class='ocrx_word' id='word_1_246' title='bbox 415 3904 519 3964; x_wconf 89' lang='lat' dir='ltr'><strong>genere</strong></span> <span class='ocrx_word' id='word_1_247' title='bbox 542 3905 706 3965; x_wconf 85' lang='lat' dir='ltr'><strong>expressae,</strong></span> <span class='ocrx_word' id='word_1_248' title='bbox 738 3886 831 3944; x_wconf 89' lang='lat' dir='ltr'><strong>iacent</strong></span> <span class='ocrx_word' id='word_1_249' title='bbox 851 3887 950 3945; x_wconf 88' lang='lat' dir='ltr'><strong>misere</strong></span> <span class='ocrx_word' id='word_1_250' title='bbox 973 3884 1160 3965; x_wconf 88' lang='lat' dir='ltr'><strong>consepultae.</strong></span> <span class='ocrx_word' id='word_1_251' title='bbox 1201 3900 1306 3962; x_wconf 88' lang='lat' dir='ltr'><strong>paucos</strong></span> <span class='ocrx_word' id='word_1_252' title='bbox 1328 3897 1363 3938; x_wconf 90' lang='lat' dir='ltr'><strong>ea</strong></span> 
     </span>
     <span class='ocr_line' id='line_1_32' title="bbox 260 3982 1362 4070; baseline -0.004 -26"><span class='ocrx_word' id='word_1_253' title='bbox 260 3987 297 4044; x_wconf 92' lang='lat' dir='ltr'><strong>de</strong></span> <span class='ocrx_word' id='word_1_254' title='bbox 319 3988 539 4067; x_wconf 88' lang='lat' dir='ltr'><strong>causareperire</strong></span> <span class='ocrx_word' id='word_1_255' title='bbox 558 3988 668 4064; x_wconf 88' lang='lat' dir='ltr'><strong>estqui</strong></span> <span class='ocrx_word' id='word_1_256' title='bbox 689 3996 805 4069; x_wconf 87' lang='lat' dir='ltr'><strong>aspectu</strong></span> <span class='ocrx_word' id='word_1_257' title='bbox 827 3990 916 4070; x_wconf 91' lang='lat' dir='ltr'><strong>primo</strong></span> <span class='ocrx_word' id='word_1_258' title='bbox 936 4009 995 4049; x_wconf 90' lang='lat' dir='ltr'><strong>non</strong></span> <span class='ocrx_word' id='word_1_259' title='bbox 1015 3989 1199 4064; x_wconf 89' lang='lat' dir='ltr'><strong>demirentur,</strong></span> <span class='ocrx_word' id='word_1_260' title='bbox 1234 3982 1362 4060; x_wconf 88' lang='lat' dir='ltr'><strong>quamvis</strong></span> 
     </span>
     <span class='ocr_line' id='line_1_33' title="bbox 260 4082 1363 4172; baseline 0.002 -25"><span class='ocrx_word' id='word_1_261' title='bbox 260 4090 316 4148; x_wconf 87' lang='lat' dir='ltr'><strong>rari</strong></span> <span class='ocrx_word' id='word_1_262' title='bbox 340 4089 398 4147; x_wconf 90' lang='lat' dir='ltr'><strong>sint</strong></span> <span class='ocrx_word' id='word_1_263' title='bbox 419 4091 467 4166; x_wconf 89' lang='lat' dir='ltr'><strong>qui</strong></span> <span class='ocrx_word' id='word_1_264' title='bbox 495 4090 612 4169; x_wconf 88' lang='lat' dir='ltr'><strong>propius</strong></span> <span class='ocrx_word' id='word_1_265' title='bbox 636 4091 816 4172; x_wconf 87' lang='lat' dir='ltr'><strong>inspicientes</strong></span> <span class='ocrx_word' id='word_1_266' title='bbox 838 4090 933 4151; x_wconf 89' lang='lat' dir='ltr'><strong>literas</strong></span> <span class='ocrx_word' id='word_1_267' title='bbox 954 4092 1075 4152; x_wconf 89' lang='lat' dir='ltr'><strong>auctoris</strong></span> <span class='ocrx_word' id='word_1_268' title='bbox 1099 4109 1132 4150; x_wconf 87' lang='lat' dir='ltr'><strong>ac</strong></span> <span class='ocrx_word' id='word_1_269' title='bbox 1151 4087 1210 4162; x_wconf 74' lang='lat' dir='ltr'><strong>eius</strong></span> <span class='ocrx_word' id='word_1_270' title='bbox 1223 4082 1363 4144; x_wconf 77' lang='lat' dir='ltr'><strong>scribendi</strong></span> 
     </span>
     <span class='ocr_line' id='line_1_34' title="bbox 262 4173 1363 4274; baseline -0.005 -27"><span class='ocrx_word' id='word_1_271' title='bbox 262 4189 449 4250; x_wconf 87' lang='lat' dir='ltr'><strong>characterem</strong></span> <span class='ocrx_word' id='word_1_272' title='bbox 467 4189 512 4250; x_wconf 89' lang='lat' dir='ltr'><strong>vel</strong></span> <span class='ocrx_word' id='word_1_273' title='bbox 533 4173 686 4253; x_wconf 77' lang='lat' dir='ltr'><strong>evolverint</strong></span> <span class='ocrx_word' id='word_1_274' title='bbox 709 4195 753 4254; x_wconf 87' lang='lat' dir='ltr'><strong>vel</strong></span> <span class='ocrx_word' id='word_1_275' title='bbox 776 4193 957 4274; x_wconf 88' lang='lat' dir='ltr'><strong>penetrarint.</strong></span> <span class='ocrx_word' id='word_1_276' title='bbox 1000 4209 1085 4270; x_wconf 86' lang='lat' dir='ltr'><strong>quam</strong></span> <span class='ocrx_word' id='word_1_277' title='bbox 1104 4188 1249 4250; x_wconf 87' lang='lat' dir='ltr'><strong>infeliciter</strong></span> <span class='ocrx_word' id='word_1_278' title='bbox 1266 4186 1363 4245; x_wconf 89' lang='lat' dir='ltr'><strong>Iunius</strong></span> 
     </span>
    </p>
   </div>
   <div class='ocr_carea' id='block_1_10' title="bbox 261 4277 1364 4438">
    <p class='ocr_par' dir='ltr' id='par_1_10' title="bbox 261 4277 1364 4438">
     <span class='ocr_line' id='line_1_35' title="bbox 261 4277 1364 4438; baseline -0.003 -91"><span class='ocrx_word' id='word_1_279' title='bbox 261 4293 291 4348; x_wconf 93' lang='lat' dir='ltr'><strong>in</strong></span> <span class='ocrx_word' id='word_1_280' title='bbox 311 4291 477 4438; x_wconf 55' lang='lat' dir='ltr'><strong>elucidanda}</strong></span> <span class='ocrx_word' id='word_1_281' title='bbox 497 4295 660 4377; x_wconf 88' lang='lat' dir='ltr'><strong>verborum,</strong></span> <span class='ocrx_word' id='word_1_282' title='bbox 691 4277 793 4374; x_wconf 86' lang='lat' dir='ltr'><strong>quibus</strong></span> <span class='ocrx_word' id='word_1_283' title='bbox 815 4318 881 4357; x_wconf 90' lang='lat' dir='ltr'><strong>usus</strong></span> <span class='ocrx_word' id='word_1_284' title='bbox 904 4303 948 4356; x_wconf 89' lang='lat' dir='ltr'><strong>est</strong></span> <span class='ocrx_word' id='word_1_285' title='bbox 963 4296 1107 4371; x_wconf 89' lang='lat' dir='ltr'><strong>Codinus,</strong></span> <span class='ocrx_word' id='word_1_286' title='bbox 1130 4292 1301 4352; x_wconf 87' lang='lat' dir='ltr'><strong>obscuritate</strong></span> <span class='ocrx_word' id='word_1_287' title='bbox 1315 4283 1364 4345; x_wconf 90' lang='lat' dir='ltr'><strong>de-</strong></span> 
     </span>
    </p>
   </div>
   <div class='ocr_carea' id='block_1_11' title="bbox 1503 3825 1505 3938">
    <p class='ocr_par' dir='ltr' id='par_1_11' title="bbox 1503 3825 1505 3958">
     <span class='ocr_line' id='line_1_36' title="bbox 1503 3825 1505 3938; baseline 0 10"><span class='ocrx_word' id='word_1_288' title='bbox 1503 3825 1505 3938; x_wconf 84' lang='lat' dir='ltr'><strong>l</strong></span> 
     </span>
    </p>
   </div>
   <div class='ocr_carea' id='block_1_12' title="bbox 0 0 1547 4924">
    <p class='ocr_par' dir='ltr' id='par_1_12' title="bbox 0 0 1547 4924">
     <span class='ocr_line' id='line_1_37' title="bbox 0 0 1547 4924; baseline 0 0"><span class='ocrx_word' id='word_1_289' title='bbox 0 0 1547 4924; x_wconf 95' lang='lat' dir='ltr'><strong> </strong></span> 
     </span>
    </p>
   </div>
  </div>
 </body>
</html>
