3034 4916
455 331 501 402 IN
520 329 668 400 conlui
698 332 784 398 CAP.
805 333 897 400 xlv.
1145 333 1218 404 335

130 497 193 578 uis,
213 495 262 558 ubi
281 497 353 560 uo:
383 495 419 562 ἐν
441 502 507 572 ταῖς
527 496 642 576 ἑορταῖς
661 493 713 560 eol
732 504 796 572 τοῖς
814 497 972 574 ἕντινιιιλοιρ
991 497 1042 563 ut
1062 493 1225 582 παρόντων
1329 491 1336 512 '

129 583 283 665 πρέσβεων
299 577 456 646 ἐνεδύοντο
476 580 629 664 χλαμύδας
647 585 800 662 ποικίλας,
822 578 885 647 c'rrd
905 589 1018 668 χρυσοῦ
1035 583 1086 646 κοιλ
1103 579 1223 666 πορφύ-

130 692 201 748 ρας,
229 663 251 748 ἢ
274 664 373 742 ἄλλως
392 691 457 740 πως
474 673 658 744 πολυτελεῖς,
679 665 768 730 lost
788 674 854 744 τοῖς
871 675 986 744 κοιναῖς
1006 663 1146 743 συνόδοις
1167 671 1224 748 ξη-

129 754 312 835 ρυμνιελλνας
330 757 374 838 τῷ
389 749 541 833 χρώματι,
562 749 599 828 ἃς
617 746 751 816 ἐκάλουν·
766 749 979 835 Ἀτρυβυτιιιοῖς
997 748 1058 815 uiuri
1077 758 1133 816 τοῦ
1144 751 1224 835 χροί-

128 835 222 919 ριυτος
240 835 290 915 (τὸ
310 834 368 920 γὰρ
385 835 477 918 μέλαν
498 834 591 922 ἤτρου
611 841 766 916 καλοῦσιν)
784 833 806 918 ἦ
825 833 872 902 ’ὅτι
893 835 964 920 perci
986 839 1132 920 τρνβελυν
1149 833 1225 900 ruri·

128 946 193 1070 oupp
224 916 353 986 sicilicos
378 927 526 1006 χρῆσθαι,
555 923 692 1008 τραβεῖνι
712 919 746 988 δὲ
764 922 900 1011 λέγονται
919 923 954 989 οἱ
966 927 1135 998 πολυτελεῖς
1154 927 1225 1004 χλο-

127 1031 169 1090 pv
191 1030 230 1082 ες.
1188 1038 1191 1045 ·

195 1113 261 1176 ibid.
296 1116 327 1177 tr
349 1122 385 1194 τῇ
414 1123 466 1178 rori
492 1118 575 1194 ἁγίου
602 1120 759 1195 rodomas
782 1115 879 1196 ἑορτῇ]
908 1125 996 1194 luctu
1013 1127 1041 1178 et
1061 1121 1221 1176 counitionis

128 1191 215 1261 potius
231 1208 305 1260 quum
330 1190 471 1246 elumitutis
492 1194 630 1263 spirituulis
652 1199 826 1264 argumentum
844 1201 886 1247 est
906 1192 975 1264 upud
994 1193 1112 1247 Graecos
1130 1193 1224 1245 testum

128 1261 429 1330 pentecostes,'msuime
445 1270 506 1335 port
521 1263 664 1328 meridiem,
682 1280 732 1333 qoe
747 1262 876 1330 secundo,
899 1268 929 1316 ut
952 1263 1036 1330 siunt,
1058 1259 1223 1330 vespertinae

128 1329 489 1399 communetotum
507 1331 655 1401 frequenter
674 1333 754 1385 uudirl
770 1332 893 1408 gemitus,
911 1337 988 1384 etex
1006 1337 1165 1401 peccatorum
1182 1347 1225 1382 re-

128 1399 276 1450 cordatione
291 1415 342 1451 nou
361 1400 425 1452 odeo
442 1406 532 1470 pectus
548 1401 640 1469 pugnis
656 1417 733 1470 quum
750 1401 847 1454 coelum
861 1399 932 1454 tundi
950 1398 1067 1470 suspiriis
1083 1397 1224 1464 consuerit,

129 1474 158 1540 ut
174 1467 197 1518 si
213 1466 274 1534 quid
288 1466 361 1521 luxus
384 1469 409 1522 lu
433 1484 516 1522 mores
537 1469 637 1523 invexit
660 1468 788 1540 pusclrulis
811 1469 949 1522 solenniter
972 1469 1014 1520 vel
1038 1468 1093 1520 eius
1115 1467 1225 1540 decursu

128 1534 299 1588 dissolutionis
318 1537 428 1590 nonnihil
445 1555 530 1592 seeum
547 1539 635 1592 attulit
651 1539 775 1593 bemirrum
794 1539 822 1592 iu
838 1538 902 1592 vitiu
912 1554 993 1608 prens
1004 1535 1126 1604 libertus,
1142 1541 1225 1588 totum

128 1603 155 1656 irl
172 1605 285 1672 corrigat
301 1606 375 1660 dolor
388 1607 496 1677 spiritur
513 1613 604 1677 sponte
625 1615 782 1678 resumptus,
808 1615 834 1661 et
856 1615 1001 1660 conmotus
1025 1613 1109 1658 sortes
1131 1605 1224 1675 poeui-

128 1674 229 1726 teutiee
245 1675 392 1742 abstergent
409 1676 526 1728 tumente.
542 1693 574 1728 eo
592 1676 644 1728 tius
662 1683 776 1728 sunctum
793 1675 826 1728 de
848 1675 925 1728 cuelin
942 1674 1057 1757 spiritum
1075 1690 1131 1727 cum
1148 1672 1224 1726 lucri-

129 1741 177 1792 mis
201 1740 339 1808 advocent,
359 1759 391 1794 ex
409 1741 572 1810 profundiore
588 1743 729 1795 bumilitate
754 1759 844 1812 preces
871 1745 1038 1826 ingemuerit,
1060 1757 1093 1794 sc
1114 1758 1225 1810 genuum

128 1807 321 1872 inflexionibus,
340 1809 433 1877 quibus
448 1809 498 1862 iem
514 1810 636 1863 desuetus
661 1819 718 1863 eret
737 1811 848 1881 populus
864 1811 913 1864 sibr
935 1809 1080 1874 subiectum,
1104 1827 1161 1863 euru
1175 1810 1226 1862 ite-

129 1885 187 1930 reto
204 1878 275 1930 velut
290 1873 393 1946 lugubri
408 1877 617 1960 quadragesimus
632 1886 749 1949 tempore
776 1879 893 1946 effligere
913 1883 988 1949 paret
1013 1877 1129 1932 ecclesio.
1153 1895 1225 1930 com-

129 1962 205 1998 mune
222 1944 299 2014 igitur
315 1963 371 1998 cum
388 1946 446 1999 ullis
462 1947 581 2016 templum
597 1949 737 2020 imperator
753 1948 810 2020 ipse
825 1949 985 2017 frequentat,
1009 1953 1039 1999 ut
1055 1945 1225 2016 poenitentioe

130 2031 188 2068 cum
204 2013 263 2068 ollis
280 2031 385 2070 consors
401 2031 543 2070 communes
558 2016 634 2070 etium
649 2016 706 2070 eliis
727 2033 831 2088 precum
852 2018 950 2070 tructus
971 2016 1071 2070 reterre
1088 2021 1226 2070 mercetur.

198 2133 226 2237 p.
239 2117 274 2171 78
285 2133 311 2170 v.
324 2118 349 2171 1.
365 2117 469 2186 γίνεται
484 2113 535 2186 μὲν
549 2113 685 2188 τράπεζα]
708 2099 817 2172 nonduin
834 2118 900 2174 eulru
922 2117 1028 2173 udreuit
1051 2117 1136 2172 luctus
1152 2118 1226 2184 bore,

133 2201 182 2240 uec
217 2184 325 2239 ominieu
340 2185 468 2239 festiviter
483 2187 569 2240 ieiunii
586 2189 716 2242 molestiae
732 2196 819 2260 potest
833 2189 976 2246 admisceri.

202 2255 239 2308 λλ.
256 2270 282 2308 v.
293 2255 320 2309 2.
338 2247 370 2309 ἐν
386 2250 418 2308 di
435 2255 472 2307 r*
483 2258 534 2309 τοῦ
551 2249 694 2324 ἑσπερινοῦ
710 2252 783 2328 ὥρᾳ]
801 2274 852 2326 qua
868 2255 993 2325 σημαίνει
1008 2250 1159 2324 τοιχῦτερον
1175 2247 1226 2306 doci

129 2319 249 2460 :owe
266 2273 643 2462 {noamffissgffiffim’
657 2329 696 2394 fit
712 2329 818 2396 rigum-
833 2327 911 2380 eolr'to
933 2325 1011 2379 eitius
1030 2331 1139 2394 propter
1155 2323 1226 2390 (nro-

198 2461 234 2515 ib.
247 2407 277 2517 ξ
289 2461 315 2514 4.
331 2455 383 2522 etr
394 2461 445 2512 τοῦ
460 2456 580 2530 μεγάλου
595 2459 754 2526 Βυσιλείου]
778 2461 857 2514 bsbes
872 2460 930 2515 illes
945 2459 1072 2513 orationes
1089 2473 1226 2526 eurumque

129 2529 292 2598 legendarum
315 2528 404 2592 ritum,
426 2546 473 2581 nec
495 2546 545 2581 uon
567 2536 594 2582 et
617 2530 698 2584 tob'us
719 2529 792 2582 buius
814 2530 894 2582 ollicii
917 2529 1099 2597 expositionem
1117 2543 1148 2579 ex
1166 2527 1224 2596 ipso

130 2599 226 2652 Basilio
240 2606 268 2650 et
281 2598 418 2650 Muttbseo
434 2597 553 2652 Blesture
568 2599 595 2652 ln
611 2598 791 2669 Euobologlcis
807 2599 918 2666 uostris3
934 2599 1057 2668 reliquum
1075 2596 1188 2649 osticium
1199 2596 1226 2648 iu

131 2667 324 2722 Pentecostsrio
341 2665 464 2737 reperies.

215 2775 253 2835 r'b.
272 2791 299 2834 v.
317 2772 345 2836 δ.
373 2773 544 2832 diacouicum
561 2791 619 2833 non
637 2781 683 2834 est
710 2774 831 2834 coooluoe
854 2772 1034 2847 diaconorum,
1061 2771 1092 2829 in
1112 2789 1169 2846 quo
1187 2769 1227 2827 illi

132 2859 296 2938 congregati
311 2860 457 2918 λτυολοιίυῐ
469 2860 583 2937 negotia
595 2859 715 2919 muneris
737 2861 799 2937 sui,
821 2860 874 2917 sed
894 2864 939 2917 est
953 2857 1029 2916 locus
1045 2856 1092 2913 ubi
1107 2855 1227 2915 ministri

131 2963 225 3004 sacres
237 2950 329 3003 vestes
343 2944 381 3003 ad
395 2945 489 3014 diuina
508 2945 599 3004 officio
611 2947 772 3026 peragendo
784 2945 924 3023 iuduunt,
946 2943 1109 3002 Germanice
1123 2944 1166 3002 die
1182 2961 1227 3002 ια·

132 3034 246 3110 trirtey,
271 3034 426 3091 tunorium.

200 3143 265 3198 ibid.
293 3160 310 3197 u
332 3161 427 3215 pompe
445 3141 557 3213 luxuque
579 3157 635 3197 cour
651 3143 788 3196 ubborreet
808 3139 1047 3215 praesentis'olticil
1063 3142 1226 3210 pentecostes

133 3212 276 3277 humilitus,
300 3215 443 3268 elevatiora
466 3213 604 3280 subsellis,
627 3212 787 3282 πρόνυψιν,
809 3215 943 3277 thronum,
971 3209 1054 3262 sedem
1079 3208 1226 3260 honoratum

133 3281 232 3352 respuit
244 3281 395 3350 imperator,
412 3289 439 3335 et
456 3282 489 3334 ud
506 3282 620 3334 dextrum
637 3283 724 3336 ultoris
742 3283 823 3348 letus,
847 3298 898 3351 quo
916 3272 1094 3344 σιατονιτιόν,
1111 3277 1227 3330 diaconis

134 3353 200 3404 doto
217 3355 257 3402 est
272 3350 357 3416 seda,
373 3349 460 3403 bumili
477 3350 590 3420 corporis
611 3358 686 3419 gestu
707 3351 734 3403 iu
757 3349 831 3402 ulturi
853 3367 870 3403 e
893 3346 1028 3400 sacerdote
1051 3345 1227 3416 pronuntietur
1302 3354 1309 3372 ’

134 3418 226 3472 Basilii
249 3419 409 3487 vespertinus
434 3435 523 3487 preces
547 3417 629 3471 eudit.
662 3420 695 3472 de
718 3418 850 3470 diaconico
871 3417 944 3488 pluru
960 3423 988 3468 te
1005 3415 1095 3468 docent
1112 3413 1227 3467 eruditus

134 3487 242 3541 dilutius
258 3487 292 3539 de
304 3486 474 3540 recentiorum
490 3487 649 3540 Graecorum
664 3486 766 3557 templis
781 3487 918 3556 opusculo:
940 3484 968 3540 iu
983 3483 1145 3553 Eucbologlo
1161 3498 1227 3551 quo-

133 3573 185 3626 que
200 3555 312 3608 nouuibil
326 3554 359 3609 de
375 3572 406 3609 eo
422 3553 595 3607 delibavimus.

145 3721 148 3730 ,
218 3663 256 3720 io.
276 3679 303 3719 v.
324 3663 353 3722 7.
375 3661 412 3719 de
430 3661 504 3719 testo
520 3657 694 3718 exultationis
707 3679 730 3717 s.
751 3659 840 3718 nucu
855 3660 939 3719 etium
959 3678 994 3719 ex
1007 3677 1086 3718 more
1106 3655 1228 3716 Graeco·

135 3765 198 3804 rum
218 3746 280 3804 fuse
295 3746 393 3822 scripsi
413 3747 514 3808 tom.1
537 3743 753 3802 deS.Crucel.
771 3747 785 3806 1
802 3745 876 3809 c65
891 3750 975 3810 et66
990 3741 1050 3802 etl.
1068 3747 1082 3806 1
1100 3739 1229 3797 delestis

137 3850 160 3889 c.
175 3833 244 3896 83..
265 3830 329 3889 ride
347 3830 431 3889 etiem
449 3828 643 3888 Adumauuum
658 3829 774 3888 Scotum
791 3828 809 3888 l.
826 3832 843 3893 1
866 3832 902 3890 de
920 3830 977 3888 situ
994 3835 1085 3887 terrae
1098 3831 1228 3896 sauctue3

137 3915 185 3973 ubi
198 3917 234 3975 de
247 3915 377 3975 nundinis
392 3914 446 3973 hoc
458 3916 531 3974 testo
544 3915 745 3992 Hierosolymis
755 3914 885 3974 celebrari
897 3914 985 3974 solitis
999 3914 1068 3972 mira
1080 3908 1165 3986 leges.

204 4032 239 4085 u.
256 4049 282 4084 r.
295 4032 321 4086 8.
336 4023 504 4100 ἄνοιβιὶθρα]
522 4027 660 4082 elerundue
674 4027 701 4081 iu
724 4029 803 4082 cltum
829 4028 898 4082 cruci
919 4025 951 4079 ud
972 4025 1027 4079 eius
1049 4023 1229 4108 euultetiopepr

137 4096 538 4238 dututtnttltttli
550 4097 959 4236 lillliiildilmll‘pm‘
974 4095 1000 4148 ³¹¹
1017 4094 1101 4148 Μ
1117 4093 1227 4147 ‘'¹⁰¹¹”¹⁰

82 4300 86 4307 ›
205 4271 241 4328 ib.
259 4288 284 4325 r.
296 4273 336 4328 lo.
362 4266 415 4338 τὴν
432 4269 484 4324 τοῦ
498 4269 620 4336 σταυροῦ
631 4263 835 4338 aereticorum]
852 4283 902 4337 quo
913 4264 965 4319 ritu
977 4273 1136 4337 peragetuq
1150 4281 1226 4334 pree·

138 4335 203 4409 cipit
217 4339 350 4396 Mourena
368 4339 402 4397 14
418 4338 582 4412 Septembris
597 4333 757 4394 eittdsseco‘
779 4332 868 4409 ἱερεὺς
890 4337 986 4392 πᾶσαν
1006 4333 1059 4408 τὴν
1084 4329 1226 4405 ἱερατικὴν
