3050 4924
198 323 200 329 s
235 255 270 303 vr
724 231 857 300 corui
909 295 912 298 ,

233 432 286 494 sed
303 421 329 491 e‘i
345 428 398 491 soli
421 431 579 492 vovendum
607 449 695 510 quem
716 431 835 512 plurima
855 429 1007 510 respiciumt
1022 429 1140 509 Officia,
1164 435 1194 490 et
1213 425 1291 492 cuius
1308 433 1335 494 in

235 537 330 596 fronte
348 533 503 613 praefixum
525 545 628 594 nomen
649 553 715 613 pars
737 533 800 592 libri
821 532 861 606 sit
878 533 1031 611 potissima
1072 532 1113 593 sic
1133 536 1178 591 est
1191 535 1337 617 profecto,

236 637 395 699 Cardinalis
408 635 646 696 Eminentissime:
668 655 720 715 per
732 633 777 694 Te
788 635 914 694 Codinus
928 634 1027 693 mirum
1039 633 1070 692 in
1083 635 1198 694 modum
1209 643 1336 717 augetur,

238 758 339 818 nempe
356 738 406 816 qui
423 757 482 799 non
504 737 608 796 Officia
626 736 717 796 solum
738 740 882 796 enumerat
905 755 1025 816 magnae
1047 736 1179 797 ecelesiae
1202 744 1233 798 et
1259 739 1336 800 aulae

236 843 421 928 Cpolitanae‚
436 823 439 834 ⁸
453 839 505 898 sed
524 839 610 904 etiam
631 839 797 920 ampliores,
827 856 897 914 quas
921 839 951 898 in
977 827 1023 900 'l‘e
1043 821 1168 919 colligis,
1191 842 1336 919 utriusque

177 978 180 985 s
237 945 335 1026 palatii
348 943 432 1022 Regii
453 948 484 1001 et
499 941 628 1000 Vaticani
649 942 802 1020 dignitates
822 941 931 1000 videtur
949 941 1107 1021 expressius
1120 950 1338 1023 repraesentare.

164 1073 167 1083 ,
237 1053 412 1128 quapropter
427 1051 570 1106 auctorem
585 1043 659 1104 hune
677 1043 743 1105 Tuo
764 1044 876 1104 nomine
900 1044 1082 1122 consignasse
1101 1045 1208 1105 sincere
1228 1049 1259 1105 et
1278 1045 1339 1104 sine

167 1167 170 1172 ·
238 1151 303 1209 fuco
316 1127 649 1229 profiteor'praeeipuam
672 1165 706 1206 ex
725 1146 794 1207 meis
816 1148 928 1206 adeum
945 1146 1029 1206 notis.
1070 1147 1113 1206 ita
1126 1165 1185 1207 non
1197 1150 1271 1208 loret
1283 1149 1340 1207 iste

236 1269 326 1331 meus,
349 1251 404 1318 nisi
416 1249 507 1314 Tuus.
549 1251 655 1312 utinam
673 1247 739 1308 olim
757 1248 869 1308 Codino
891 1249 989 1308 datum
1010 1247 1076 1308 Tuo
1094 1249 1151 1310 frui
1171 1232 1339 1332 conspeetu:

103 1361 106 1368 ‘
205 1403 207 1408 .
238 1373 311 1412 unus
331 1347 361 1418 ei
377 1353 478 1426 luisses
500 1353 569 1412 satis
587 1355 625 1412 ad
644 1371 744 1412 novam
765 1351 924 1419 Officiomm
939 1350 1011 1411 bene
1027 1351 1141 1430 longam
1160 1353 1260 1414 seriem
1272 1372 1339 1412 eon-

163 1463 165 1467 “
236 1457 396 1516 texendam.
439 1473 524 1532 quam
547 1455 701 1515 luculentas
721 1455 752 1512 in
772 1453 850 1512 illum
866 1472 938 1513 nunc
950 1456 1197 1516 commentationes
1212 1457 1350 1514 edereml·

199 1597 200 1600 =
237 1576 325 1635 quam
337 1557 600 1636 ingens'implerent
617 1557 763 1634 volumen,
787 1555 836 1614 ubi
859 1557 929 1616 cirea
943 1558 1068 1637 singula,
1101 1556 1204 1634 quibus
1225 1559 1339 1636 perfun-

239 1665 302 1718 ctus
316 1677 367 1738 es,
386 1678 520 1742 munera,
545 1667 654 1737 quanta
669 1660 714 1720 Te
725 1660 862 1738 gessisses
880 1660 910 1718 in
922 1678 1091 1736 unoquoque
1104 1660 1255 1739 prudentia
1267 1659 1338 1719 inte-

238 1761 343 1838 gritate
361 1759 462 1839 laude,
489 1763 623 1821 curiosius
639 1763 836 1822 annotassem!
873 1765 903 1819 at
922 1761 988 1837 quid
1008 1779 1080 1820 vana
1095 1761 1196 1820 mentis
1217 1760 1339 1822 oblecta-

238 1864 316 1922 tione
338 1862 478 1922 deludor‘l
526 1864 695 1941 quasivero
716 1863 936 1940 notisindigeat
965 1862 1041 1940 quod
1064 1863 1193 1921 omnibus
1215 1862 1342 1928 notant

238 1965 377 2024 neminem
394 1965 449 2024 hoc
461 1965 559 2044 sugere
571 1966 675 2046 potuit.
717 1965 763 2026 Te
787 1963 1010 2042 quotusquisque
1031 1963 1111 2023 lacile
1134 1964 1339 2045 suspiciendum

238 2068 356 2146 habuit,
385 2086 470 2145 quem
495 2069 597 2128 decora
621 2069 756 2128 virtutum
779 2073 846 2127 aute
874 2083 1024 2146 purpuram
1049 2056 1156 2144 ubique
1179 2073 1342 2128 statuerunt

81 2189 84 2196 ·
190 2237 192 2242 ,
238 2169 504 2231 Eminentissirnum.
547 2169 593 2229 Te
619 2170 705 2232 talem
735 2187 877 2251 purpurae
900 2167 993 2246 fulgor
1017 2168 1140 2248 inuenit,
1177 2188 1237 2230 nou
1266 2170 1341 2230 fecit.

238 2273 307 2332 nihil
326 2275 364 2332 ad
386 2275 534 2334 veritatem
555 2275 649 2332 addo:
684 2274 724 2332 sic
744 2274 821 2352 apud
839 2289 885 2330 me
910 2287 1069 2350 supremum
1091 2269 1199 2330 aeterni
1221 2270 1342 2329 numinis

237 2375 268 2434 in
282 2373 328 2434 Te
342 2375 497 2452 consilium,
522 2393 581 2434 nou
598 2375 751 2436 desultoria
766 2373 938 2453 cogitatione
957 2373 1009 2432 sed
1021 2376 1150 2434 accurato
1162 2371 1264 2431 mentis
1278 2391 1343 2432 exa-
1410 2444 1412 2448 Ι

129 2538 132 2542 ,
195 2552 203 2562 ⁶
237 2474 324 2552 mine,
345 2474 424 2534 soleo
438 2477 588 2555 pensitare.
631 2477 686 2557 Te,
702 2480 796 2539 fausto
810 2495 925 2558 prorsus
940 2478 1042 2555 omine,
1064 2475 1186 2536 decrevit
1203 2475 1343 2536 adlectum

236 2576 268 2635 in
289 2578 514 2656 praedicatorum
533 2579 680 2660 familiam,
714 2583 745 2640 in
766 2600 824 2658 qua
845 2579 1007 2638 meritorum
1026 2577 1160 2655 suffragio
1181 2596 1246 2638 vere
1268 2579 1344 2638 fores

239 2699 381 2758 purpurae
394 2683 569 2743 cauddatus.
613 2681 658 2743 Te
679 2689 778 2744 natum
792 2685 823 2742 in
841 2681 960 2741 salutem
982 2678 1064 2738 hruius
1076 2679 1194 2758 imperii
1206 2661 1294 2740 uoluit
1306 2683 1345 2741 ad

239 2783 404 2842 doctoratus
417 2785 538 2862 gradum
550 2787 724 2866 promoveri,
755 2803 829 2864 quae
849 2783 944 2843 laurea
963 2799 1021 2841 uon
1039 2781 1156 2841 obscure
1169 2781 1263 2846 lauros
1276 2783 1345 2844 alias

239 2883 436 2960 adumbraret3
466 2892 497 2946 et
520 2890 598 2966 quod
620 2890 776 2967 antiquitas
795 2887 954 2949 fabulosum
973 2884 1088 2962 cecinit,
1114 2886 1240 2946 veritatis
1263 2906 1345 2966 prae-

239 2986 370 3045 nuntium
389 3005 424 3046 ae
439 2993 619 3068 praeconium
638 2992 790 3071 posteritas
812 2988 1028 3069 comprobaret,
1061 2985 1204 3048 Palladem
1227 3007 1244 3048 e
1270 2988 1345 3050 Iovis

239 3087 354 3152 cerebro
367 3094 479 3170 namin,
510 3093 642 3154 laureatis
666 3095 750 3154 armis
768 3088 950 3170 instruam,
982 3089 1157 3154 Athenarum
1170 3090 1346 3152 nescientia·
1404 3091 1409 3105 '

239 3208 302 3250 rum
315 3192 438 3252 omnium
452 3194 506 3252 sibi
529 3193 706 3280 o'ompprasse
725 3193 905 3275 praesidium,
933 3213 966 3253 ac
980 3174 1101 3252 subinde
1113 3194 1152 3253 ad
1164 3194 1254 3254 oleam
1268 3195 1347 3274 pacis

240 3301 436 3372 argumentum
449 3294 569 3356 Athenis
588 3298 771 3377 plantandam
791 3302 878 3374 atque
898 3314 996 3379 pacem
1012 3295 1103 3376 ipsam
1125 3294 1155 3354 in
1174 3298 1271 3358 orbem
1284 3298 1347 3356 uni-

238 3415 350 3475 versum
364 3401 575 3478 propagandam
590 3401 712 3459 animum
727 3397 905 3460 conuertisse.
944 3416 1028 3476 quem
1050 3396 1157 3458 eaelum
1179 3397 1346 3479 designabat

239 3517 406 3580 prorogem,
434 3501 514 3561 Ordo
537 3501 734 3581 provincialem
753 3500 940 3561 renuntiavit:
975 3499 1047 3560 sacri
1066 3497 1163 3580 palatii
1181 3501 1344 3581 magistrum

239 3600 318 3680 prius
340 3603 463 3663 instituit
489 3605 617 3684 pontifex
644 3622 729 3683 quam
754 3623 853 3683 regum
880 3619 1029 3683 supremus
1052 3601 1151 3662 Gallici
1180 3604 1344 3664 ministrmn.

240 3704 337 3764 virtuti
363 3706 487 3785 proclive
506 3727 558 3786 per
580 3708 745 3768 descensum
772 3707 913 3786 gradatim
939 3705 1098 3787 ascendere.
1142 3707 1221 3782 quod
1244 3707 1346 3766 deinde

240 3805 346 3866 bonum
367 3809 486 3888 contigit
498 3809 694 3891 Aquensibus‚
725 3809 864 3870 ardebant
883 3808 938 3869 toti
958 3807 1185 3868 Praedicatorum
1206 3807 1296 3868 ordini
1316 3807 1346 3866 in

241 3910 359 3968 comitiis
376 3906 573 3974 Genuensibus
588 3915 663 3974 Galli
682 3920 712 3974 et
733 3914 812 3993 Itali,
847 3931 967 3990 quorum
982 3910 1114 3970 iudicium
1133 3911 1177 3970 vel
1197 3929 1232 3992 eu
1251 3929 1285 3970 eo
1299 3929 1346 3968 sa-

240 4010 320 4090 piens
345 4013 557 4091 comprobatum
582 4023 644 4096 est,
677 4017 756 4094 quod
776 4033 863 4076 unum
884 4033 901 4074 e
919 4014 1014 4074 multis
1037 4013 1082 4074 Te
1103 4012 1195 4072 Gallia
1208 4011 1347 4073 censuerit
1392 4031 1404 4038 ·

241 4113 371 4173 universa
391 4115 508 4194 dignum
529 4120 578 4197 qui
599 4120 753 4200 principem
771 4119 905 4197 referres,
926 4118 970 4177 cui
991 4118 1081 4176 nescit
1104 4112 1346 4192 orbisaequaleui.

242 4215 396 4292 prudenter
416 4217 492 4280 baud
509 4222 593 4282 dubie
611 4222 662 4283 tibi
677 4228 738 4282 tum
753 4220 845 4283 Roma
859 4239 1012 4303 purpuram
1025 4219 1144 4298 obtulit,
1163 4236 1233 4310 *cum
1252 4233 1348 4296 regem
