2958 4918
253 297 327 370 ma
411 292 622 364 auersum
637 293 693 384 ar
709 291 844 362 coma
858 291 1193 360 conamurnmus

250 461 400 524 duodecim
439 460 573 520 notarim.
615 456 693 518 loom
719 457 751 522 iu
787 473 846 535 quo
876 457 921 518 ins
955 457 1087 535 dicebat,
1123 463 1154 516 et
1185 475 1257 535 quae
1289 477 1361 517 auae

250 549 403 610 functionis
425 551 507 606 erant
547 551 606 602 tam
647 543 809 604 asservabat
844 562 930 621 quam
956 543 1130 622 peragebat,
1171 549 1361 624 papaorpata-

252 640 337 698 ιιεῖοι
360 632 523 704 dicebatur3
552 631 631 706 quod
651 631 896 706 nomen-reperies
921 635 989 688 tona
1020 629 1131 691 llurls
1151 627 1274 688 Graeco·
1273 629 1361 690 Rom.

252 719 302 780 fol.
318 715 390 784 256.
404 726 434 777 et
447 717 483 776 de
495 715 611 776 notariis
625 715 834 794 chartophylaci
857 715 1095 780 subservientibus
1117 715 1223 773 mentio
1243 733 1363 792 quoque

254 802 288 865 lit
309 803 357 862 fol.
379 803 449 867 249
490 801 621 860 scribitur
648 806 679 859 et
697 795 940 882 papaapuhoiumv
962 820 981 859 a
1002 798 1108 876 Suida,
1138 799 1175 858 de
1202 817 1261 877 quo
1286 801 1363 860 hauc

256 888 423 992 praescribit
448 886 590 992 regulam,
620 886 715 946 nescio
744 904 829 964 quam
857 903 967 946 veramr
998 883 1036 948 rol
1057 907 1139 964 mapa
1155 879 1189 946 mi
1213 881 1364 964 φιιιιὶιισω

255 968 356 1036 πάντα
371 968 424 1034 aaa
436 995 490 1034 roa
478 971 580 1034 loica
596 967 744 1072 γράφεται
758 969 810 1034 aab
823 965 1102 1078 προπαροξυιιειιιι,
1121 962 1189 1072 clay
1206 993 1365 1074 χαριοφυ-

256 1054 383 1134 taurea,
397 1051 703 1138 incompactam,
721 1052 963 1136 aueuorputa‘mau
993 1056 1046 1119 abl
1065 1049 1238 1131 τιτούτοις
1260 1051 1366 1138 ὅμοια,

257 1141 406 1224 minuma
394 1142 670 1220 atroputaaelou.

343 1243 432 1303 Porro
457 1261 521 1301 cum
541 1241 692 1302 Balsamon
723 1247 753 1300 et
774 1240 820 1300 alii
844 1239 1087 1320 chartophylacem
1105 1236 1234 1300 bmnibus
1250 1239 1367 1300 omuino

259 1347 432 1412 praeponere
453 1329 618 1401 videantur,
646 1329 705 1388 sive
735 1327 912 1405 negotiorum
939 1328 999 1386 sive
1022 1325 1229 1404 privilegiorum
1255 1327 1367 1404 magui-

258 1418 386 1476 tudinem
403 1419 433 1472 et
448 1413 655 1472 multitudinem
670 1419 797 1492 spectes,
824 1413 925 1472 merito
947 1413 1040 1470 mirari
1060 1413 1151 1490 possis
1169 1433 1218 1472 cur
1236 1413 1367 1470 Codinus

260 1509 358 1562 tantae
386 1499 531 1576 dignitatis
564 1499 653 1558 virum
680 1505 781 1576 quarto
810 1498 872 1556 loco
895 1498 924 1558 iu
959 1498 1049 1576 prima
1081 1500 1204 1576 pentade
1239 1495 1367 1558 collocet

260 1607 299 1648 au
328 1585 454 1644 ordinem
483 1584 629 1662 dignitatis
659 1603 717 1662 non
749 1582 895 1642 servavit?
936 1601 975 1642 au
1001 1591 1032 1641 et
1060 1584 1163 1640 caeteri
1190 1583 1370 1642 eaocatacoeli

261 1671 401 1750 episcopis
420 1670 678 1748 anteponebantur,
702 1671 815 1728 tametsi
835 1669 1015 1728 diaconorum
1037 1669 1118 1744 quasi
1136 1687 1251 1727 munere
1267 1670 1370 1746 funge-

261 1761 375 1833 rentur,
396 1755 470 1813 sicut
483 1760 513 1814 et
532 1755 588 1814 iarn
607 1755 637 1814 iu
659 1755 774 1814 ecclesia
796 1753 925 1814 Romana
953 1755 1061 1812 diaconi
1083 1754 1237 1812 cardinales
1255 1745 1370 1812 autece-

193 1835 197 1843 ⁴
262 1843 445 1902 duntomnes
460 1839 630 1942 episcopos?
671 1846 702 1900 et
718 1849 794 1899 certe
810 1841 858 1900 isti
878 1839 1056 1900 exoratacoeli
1068 1839 1199 1899 videntur
1215 1841 1245 1898 in
1271 1839 1370 1920 Cpoli·

262 1934 331 1987 tana
344 1926 459 1986 ecclesia
475 1944 556 2003 quasa
548 1925 722 1988 cardinales
738 1927 833 1986 fuisse

220 2070 224 2078 -
348 2028 498 2088 Coronidis
526 2028 588 2090 loco
626 2029 762 2090 addamus
796 1995 987 2102 definitionem
1020 2023 1243 2104 chartophylacis
1286 2041 1371 2124 quam

263 2113 471 2196 Turcograecia
491 2113 575 2173 affert
592 2113 640 2172 fol.
664 2114 727 2178 203
751 2131 786 2172 ex
808 2107 979 2187 Pachyrnere
1003 2107 1188 2188 Augustano:
1216 2103 1371 2190 papooprl-

263 2197 358 2274 λαξὸ
384 2201 486 2259 πᾶσαν
511 2194 664 2262 ὑπόθεσιν
700 2190 822 2279 διάγων.
866 2214 939 2273 quae
969 2201 1065 2256 tamen
1098 2193 1224 2256 delinitio
1256 2195 1373 2254 restriu-

263 2285 373 2364 genda,
394 2302 431 2341 ne
453 2285 568 2344 caeteris
577 2283 766 2346 euocatacoeh's
781 2279 849 2342 nihil
874 2301 990 2364 prorsus
1018 2282 1096 2360 quod
1115 2287 1206 2362 agant
1219 2288 1372 2340 remaneat.

349 2401 437 2482 Apud
459 2399 593 2464 Ioannem
619 2403 739 2464 Citrium
771 2401 955 2482 proponitur
951 2401 1037 2461 haec
1061 2401 1205 2479 quaestio.
1232 2421 1270 2460 aa
1293 2402 1374 2459 hceat

265 2492 401 2564 cariata,
427 2495 566 2568 praesente
600 2489 815 2570 chartophylace,
843 2489 925 2548 atteri
956 2491 1041 2548 cuivis
1065 2491 1224 2548 committere
1252 2492 1373 2564 potesta-

265 2579 319 2635 tem
335 2573 464 2652 ergabadi
482 2575 524 2633 uel
543 2574 688 2652 sigillandi
710 2573 779 2651 (ιοῦ
800 2571 1032 2652 oppessulatas),
1051 2573 1131 2652 «aqu
1158 2573 1199 2635 ael
1218 2591 1318 2650 semper
1332 2569 1373 2628 uel

268 2665 375 2722 tantam
403 2657 480 2718 semel
511 2665 560 2719 aut
584 2661 736 2766 aliquoties.
777 2659 931 2736 respondet
958 2659 1064 2718 Cinius
1092 2677 1155 2718 nou
1174 2658 1271 2718 licere:
1308 2673 1372 2714 uam

267 2741 305 2808 ad
332 2733 535 2826 σημειοιιάθιιι
558 2740 594 2806 τὰ
629 2743 890 2824 παρεμπίπτοντι,
923 2763 1032 2821 agnam
1068 2763 1136 2822 qaae
1165 2747 1202 2826 iu
1218 2743 1275 2802 dics
1307 2745 1373 2802 iaci·

271 2831 354 2904 duat,
371 2827 782 2908 inmutabilitarchartaphylacis
794 2829 1102 2906 ffaoaaueuamesse,
1123 2847 1177 2890 ιιιιι
1173 2829 1263 2907 'forte
1281 2828 1374 2886 Ιιιιιιιι-

270 2914 344 2976 nodi
357 2914 420 2994 puid
426 2913 583 2991 sociandam
600 2919 638 2976 rit
654 2916 731 2992 longe
746 2914 865 2974 danto
852 2935 882 2974 ιιι
902 2916 975 2984 lacae
1001 2919 1059 2974 tum
1071 2918 1138 2975 euim
1150 2914 1300 2992 praestatem
1312 2916 1375 2972 uait-

213 3060 215 3064 .
270 3006 324 3060 tere
334 3019 409 3078 possa
423 2999 581 3078 qucmudit.
622 3001 737 3064 absentis
754 3007 844 3060 autem
862 2999 906 3060 ael
925 3002 1089 3078 aegrotantis
1109 3003 1193 3060 uicem
1214 3001 1285 3059 obire
1308 3017 1376 3061 com·

270 3089 478 3151 mactationem.

354 3185 400 3246 De
435 3183 651 3264 chartophylace
684 3185 726 3246 ita
757 3187 854 3248 scribit
886 3184 1053 3248 Anastasius
1086 3183 1314 3245 bibliothecarius
1348 3182 1376 3240 in

214 3267 216 3276 ’
269 3271 347 3331 notis
370 3274 408 3331 ad
426 3267 574 3331 Actionem
600 3275 752 3333 secundam
777 3273 879 3351 synodi
904 3279 1021 3332 octavae
1050 3270 1102 3330 abs
1132 3291 1164 3330 se
1189 3273 1220 3330 iu
1246 3267 1377 3330 L‘atimm

164 3367 257 3424 Plbl
274 3358 399 3435 linguam
439 3377 596 3418 conversae.
646 3361 842 3438 chartophylax
871 3362 1062 3438 interpretatur
1098 3357 1255 3417 chartarum
1282 3363 1375 3416 ιιιιιιι.

265 3439 395 3524 flagitat
424 3449 513 3504 autem
539 3445 625 3522 ‹fficio
652 3445 846 3524 chartophylax
873 3446 947 3522 apud
975 3443 1112 3503 caelatam
1136 3443 1308 3522 Gputitaaom
1329 3459 1377 3521 pua

270 3529 486 3590 bibliothecarius
518 3531 593 3608 apud
624 3529 776 3603 Romanoa,
804 3531 916 3589 indatus
943 3529 1066 3589 videlicet
1094 3529 1190 3608 insutis
1221 3516 1376 3588 acclamati·

215 3611 220 3623 ’
272 3634 360 3674 omum
374 3618 554 3677 minostrorum
569 3621 595 3675 at
605 3634 690 3691 ageos
704 3614 884 3676 ecclesiastiea
898 3621 995 3676 cuncta
1012 3633 1122 3692 prorsas
1145 3616 1283 3716 pinguia,
1305 3629 1376 3671 ecce·

268 3703 328 3780 ptis
345 3701 403 3761 illis
422 3701 486 3760 solia
508 3719 576 3778 puae
595 3701 633 3761 ad
657 3701 821 3760 racadotala
845 3701 998 3780 epeaalitar
1015 3719 1049 3758 aa
1059 3703 1164 3777 propria
1180 3702 1310 3777 pertinere
1318 3715 1378 3776 pro·

274 3787 375 3852 bantur
395 3786 518 3866 ιιβῑςιιιιιι.
560 3788 617 3844 riae
638 3786 685 3850 illo
700 3792 837 3864 prasiaca
856 3788 950 3849 aulius
966 3785 1119 3864 praeratum
1133 3791 1182 3844 aut
1196 3784 1376 3843 clericoruma

270 3871 346 3952 soris
357 3878 464 3932 ueniam
475 3874 504 3929 iu
516 3876 678 3948 conspectum
688 3873 864 3948 patriarchae
874 3873 1076 3945 intranittitarp
1097 3871 1188 3930 nullus
1204 3870 1377 3928 ecateamtico

276 3960 421 4016 amaeatai
430 3961 631 4035 praesentatum·
647 3956 749 4015 nullius
761 3958 872 4034 epistota
886 3957 1059 4035 patriarchae
1074 3959 1157 4015 missa
1173 3958 1310 4033 recipitur,
1328 3952 1378 4010 uici

273 4040 347 4121 forte
363 4063 382 4100 a
396 4045 506 4100 caeteris
519 4041 685 4122 patriarchio
699 4045 840 4112 mittatur,·
859 4043 950 4101 nullus
970 4041 1007 4114 ad
1019 4043 1204 4118 praesulatum
1217 4041 1376 4105 adulterius

281 4126 384 4186 ordinis
396 4125 585 4185 clericorum
559 4145 613 4186 aaa
630 4127 668 4186 ad
680 4131 892 4204 praeposituram
910 4130 1127 4186 monasteriorum
1142 4125 1309 4205 provehitur,
1327 4122 1378 4182 nisi

262 4213 333 4282 iste
348 4211 419 4270 hunc
434 4213 560 4289 approbet
573 4218 599 4272 et
612 4211 768 4274 commendet
779 4219 860 4293 atque
876 4213 909 4274 de
921 4213 995 4274 illo
981 4215 1037 4292 apsi
1055 4212 1228 4292 patriarchae
1252 4210 1377 4288 suggerat

282 4299 338 4358 et
324 4315 380 4378 apoc
390 4301 548 4377 praesentet.
