3034 4916
496 320 539 392 ru
560 307 709 390 conuu
728 317 811 390 crr.
831 319 949 400 xrr.
1175 319 1249 428 aas

158 485 212 548 nisi
226 485 390 546 osculum'se
403 483 535 563 abiicere,
558 485 584 544 si
595 485 626 548 id
639 485 812 546 consuetudo
821 483 1005 568 permitteret
1045 482 1173 563 Legatos
1182 503 1254 562 quo·

157 591 213 648 qrre
226 573 485 631 confoederatorum
502 571 640 631 Ordinum
653 571 759 648 Belgii,
787 589 862 630 anno
878 570 975 630 salutis
992 571 1198 652 restopolim
1216 572 1253 630 ad

156 665 267 736 portam
289 657 495 715 Ottomanicam
513 657 613 716 missus
634 663 664 716 et
685 657 841 733 admissus,
868 656 1064 716 vestimentum
1077 656 1253 734 imperatoris

156 742 269 802 Turcici
283 750 413 821 prompte
425 747 455 800 et
469 741 596 802 alacriter
610 741 785 802 deosculatus
806 747 868 819 est,
895 741 1054 816 etquidem
1073 741 1151 800 flexis
1173 743 1254 818 geui-

155 828 227 906 bus,
256 833 288 885 ut
303 828 398 896 videre
416 826 481 886 licet
501 826 531 886 in
545 826 852 905 Ecclesiasticopolitics
868 823 1002 886 Chronol.
1023 827 1129 884 inserte
1148 831 1216 885 tam.
1232 827 1253 889 8

155 912 338 992 casaperta,
370 913 448 986 quod
463 911 623 971 Chronicon
636 912 837 972 chronicorum
854 909 1020 970 inscribitur.
1046 907 1085 968 'si
1101 908 1158 967 tale
1174 915 1252 969 reve-

156 998 266 1056 rentiae
285 1015 375 1073 genus
395 996 521 1075 pontifici
539 995 669 1058 Romano
690 998 745 1056 iste
761 996 946 1074 exhibuisset,
967 994 1125 1073 inexpiabili
1150 995 1253 1053 scelere

156 1100 220 1140 sese
241 1081 406 1140 obstrictum
427 1081 598 1141 credidisset
641 1083 710 1159 quid
730 1083 806 1156 quod
830 1081 931 1140 Batavi
954 1079 1110 1139 calviniani
1133 1078 1253 1158 pedibus
1297 1094 1300 1102 ·

157 1168 216 1225 suis
238 1166 334 1225 oscula
347 1166 413 1224 ferri
430 1166 506 1225 haud
527 1185 611 1246 aegre
631 1168 707 1247 passi
729 1165 824 1230 sunt‘l,
859 1185 924 1225 narn
944 1165 973 1240 iu
994 1164 1173 1242 navigatione
1193 1161 1253 1222 Au-

155 1251 236 1311 strali
251 1251 345 1312 Iacabi
358 1253 384 1310 le
396 1249 499 1327 Matre,
518 1249 625 1312 Leidae
641 1254 671 1312 iu
686 1251 838 1312 Hollandia
849 1251 926 1330 typis
943 1269 1044 1310 excusa
1057 1269 1131 1310 auno
1145 1250 1254 1308 redem-

156 1337 362 1417 ptoris1619‚
382 1336 451 1396 baec
470 1337 583 1416 prodita
602 1343 670 1396 sunt
690 1336 822 1396 deludis
842 1337 1024 1412 quibusdam:
1055 1339 1104 1415 qut
1117 1335 1255 1394 intrabant

158 1441 252 1481 neuun
264 1427 380 1480 nostram
396 1441 429 1480 ex
443 1425 526 1500 ipsis,
547 1425 578 1482 in
592 1441 681 1499 genua
691 1422 853 1502 procidentes
868 1421 979 1502 pedibus
993 1425 1091 1481 nostris
1110 1420 1198 1479 oscula
1210 1421 1255 1500 fl·
1304 1483 1310 1494 ,

157 1506 263 1584 gebeni.
305 1505 387 1586 paulo
410 1512 494 1585 post,
514 1511 547 1565 ut
562 1511 677 1586 primum
700 1525 791 1584 novun
813 1507 992 1568 conscenderat
1015 1499 1163 1586 (Indorum
1179 1503 1253 1585 rex),

154 1591 293 1673 procidens
310 1595 338 1648 in
353 1610 442 1667 genua
456 1613 489 1651 ac
499 1593 667 1670 procumbens
680 1593 818 1671 infaciem
827 1611 917 1670 preces
930 1611 994 1650 suas
1007 1591 1114 1669 effirdr'i.
1157 1590 1254 1650 ductus

158 1677 197 1736 od
218 1677 359 1755 inferiora
375 1679 472 1748 naam,
499 1680 595 1734 iterum
614 1679 783 1755 procumbens
807 1677 932 1736 udoraoit
955 1684 1008 1734 etc.
1051 1679 1155 1734 comites
1168 1679 1253 1754 ipsius

155 1760 234 1840 pedro
250 1766 351 1817 nostros
363 1759 597 1832 exosculabantur,
613 1765 781 1838 acceptosque
804 1780 846 1818 eos
865 1760 986 1818 manibus
1006 1764 1062 1818 suis
1074 1763 1159 1836 capiti
1168 1765 1256 1836 sinpo-

159 1846 254 1904 nebant
265 1843 301 1900 ad
313 1842 488 1900 mnasonem
501 1843 732 1922 subiectionemque
748 1843 983 1903 denominandam.
1024 1849 1062 1901 et·
1070 1845 1184 1919 quinam
1197 1844 1255 1920 isti,

161 1928 263 2004 quibus
276 1925 435 1985 lubentibus
450 1933 547 1986 tantus
559 1928 605 1987 hic
617 1927 708 1986 bonos
729 1926 861 1987 delatrrsl
888 1929 1044 2008 praedones
1059 1935 1088 1986 et
1101 1929 1210 2005 piratae
1223 1933 1258 1985 ert

159 2012 270 2072 Caluini
283 2011 409 2089 officina,
430 2013 479 2087 qui
495 2013 623 2072 fortassis
636 2013 743 2072 hostias
761 2031 884 2092 quoque,
903 2013 928 2072 si
941 2013 1005 2084 Indi
1019 2031 1066 2072 eas
1080 2012 1257 2089 obtulissent,

161 2098 239 2157 haud
253 2097 462 2175 repudiassent,
481 2103 515 2156 ut
526 2099 632 2158 factum
645 2097 760 2158 aPaulo
774 2104 804 2158 et
820 2097 953 2160 Bernaba
965 2097 1028 2178 Act.
1045 2097 1101 2176 14,
1121 2117 1185 2156 curn
1199 2096 1258 2174 Ly-

158 2183 337 2265 strensespeis
350 2178 511 2241 sacrificium
524 2203 575 2244 cen
591 2184 651 2242 Iovi
667 2189 697 2242 et
710 2184 848 2243 Mercurio
861 2189 1038 2262 appararent.
1081 2184 1181 2260 quibus
1201 2183 1258 2241 cla-

159 2268 283 2328 moribus
298 2272 400 2325 terram
414 2272 444 2325 et
457 2268 571 2328 aethera
590 2288 648 2328 non
665 2269 853 2348 complerent,
874 2269 899 2327 si
918 2274 968 2328 aut
986 2269 1017 2326 in
1035 2268 1112 2328 libris
1132 2269 1258 2346 legerent

161 2358 212 2413 aut
239 2351 374 2410 relatione
395 2351 512 2411 aliorum
534 2354 689 2433 acciperent
711 2355 871 2434 pontificem
890 2351 1049 2412 Romanurn
1071 2374 1129 2413 non
1147 2359 1258 2414 tanturn

160 2437 323 2520 permittere
342 2441 376 2494 nt
401 2437 462 2512 quis
482 2439 569 2517 pedes
590 2439 649 2496 eins
663 2439 820 2517 osculetur,
841 2437 893 2497 sed
906 2444 936 2498 et
949 2438 1068 2498 tolerare
1082 2445 1115 2498 ut
1132 2440 1194 2515 quis
1208 2458 1259 2519 pe-

161 2523 212 2582 des
227 2523 312 2600 capiti
325 2522 354 2580 in
368 2528 563 2598 argumentum
577 2525 754 2583 subiectionis
767 2519 917 2602 imponat?

246 2605 344 2668 Lib.1
367 2606 464 2668 histor.
487 2608 677 2668 Cantacnzeni
697 2629 720 2667 c.
746 2614 782 2675 16
806 2607 946 2667 osculatur
970 2605 1062 2667 iunior
1080 2604 1258 2666 Andronicus

160 2692 277 2751 senioris
292 2691 460 2771 Andronici,
486 2694 531 2754 avi
545 2695 605 2773 sui,
625 2695 742 2773 pedem;
770 2694 819 2753 ubi
834 2694 961 2752 additur:
977 2712 1046 2751 mue
1059 2691 1192 2750 Romanis
1205 2696 1259 2750 im·

156 2779 324 2857 parcioribus
344 2783 475 2857 receptum
493 2786 568 2854 mat,
594 2799 654 2840 eum
673 2780 804 2858 quispiam
824 2781 1074 2855 camanguinearum
1093 2782 1143 2836 aut
1157 2777 1261 2856 alioqui

160 2865 256 2939 gratia
281 2861 355 2942 opud
377 2882 419 2922 eos
436 2864 589 2943 fluentium
611 2865 753 2924 secundum
775 2863 954 2923 adorationem
977 2862 1068 2940 pedem
1093 2865 1259 2941 imperotores
1286 2935 1288 2938 Ι

162 2947 249 3007 osculo
267 2949 426 3024 contigisset,
448 2953 479 3006 ut
491 2954 631 3028 imperator
646 2952 763 3009 uicissim
779 2951 836 3008 mur
846 2949 950 3027 samem
966 2946 1170 3006 deoscularetur.
1200 2967 1259 3007 curn

160 3036 254 3110 itaque
269 3039 327 3092 lum
342 3052 420 3112 nepas
436 3037 485 3093 uui
497 3035 588 3112 pedem
605 3035 740 3093 oscalutur
753 3033 872 3114 suisset,
892 3031 952 3107 ille,
972 3051 1004 3091 ne
1026 3032 1185 3112 inexpiabili
1202 3033 1263 3091 odio

157 3120 283 3199 flagrare
307 3118 454 3176 crederetur
476 3122 503 3178 si
524 3140 570 3178 nec
590 3122 625 3179 iis
646 3125 759 3198 nepotem
772 3125 798 3178 et
818 3122 999 3198 imperatorem
1018 3119 1177 3193 dr‘gnareiur
1195 3137 1263 3195 quae

161 3204 277 3282 priuatis
296 3203 486 3281 tribuerentur,
505 3203 607 3280 sociem
623 3207 680 3263 sius
696 3209 786 3263 amira
801 3210 826 3262 et
850 3206 905 3282 epse
927 3201 1014 3262 orcula
1040 3202 1145 3267 libauit.
1187 3203 1263 3262 idem

164 3285 341 3345 Andronicus
356 3287 446 3346 iunior
459 3288 559 3347 iterum
569 3290 613 3348 avi
626 3291 727 3367 pedem
741 3289 851 3368 publice
865 3287 1006 3346 osculatus
1020 3285 1163 3361 est1343
1186 3290 1263 3364 quod

165 3392 190 3432 c.
206 3369 247 3442 50
260 3375 395 3446 tanquam
409 3389 571 3450 expressum
582 3374 762 3432 subiectionis
783 3373 915 3432 indicium
933 3370 1077 3450 repetitur.
1119 3375 1140 3434 2
1162 3373 1181 3436 5
1196 3373 1265 3431 Per-

165 3473 214 3516 sae
227 3452 417 3514 Andronicum
430 3455 564 3524 iuniorem
573 3459 768 3538 imperatorem
779 3463 929 3532 antequam
945 3457 1197 3538 appropinquaret,
1217 3477 1263 3516 ca-

165 3539 271 3620 pitibus
291 3539 368 3598 humi
392 3540 535 3600 submissis
553 3543 716 3607 adorabant.
760 3542 811 3600 sed
830 3543 960 3621 princeps
981 3541 1129 3600 Persarum
1150 3543 1188 3600 ad
1202 3561 1265 3600 eum

165 3622 286 3706 pedibus
313 3627 447 3684 accedens
469 3631 500 3684 et
521 3627 659 3686 adorabat
681 3633 711 3686 et
732 3628 833 3705 pedem
854 3627 926 3686 illius
951 3626 1136 3687 osculabatur.
1178 3625 1200 3686 8
1223 3630 1265 3689 88

166 3713 357 3790 protostrator
376 3729 439 3768 curn
452 3711 509 3768 suis
523 3713 625 3790 pedem
637 3711 751 3770 Ioannis
765 3712 956 3773 Cantacuzeni
969 3710 1143 3790 imperatoris
1158 3710 1266 3770 oscula-

166 3801 221 3852 tur.
263 3794 338 3851 idern
355 3795 388 3852 fit
408 3795 443 3852 ab
464 3797 524 3854 aliis
547 3817 570 3856 c.
586 3795 636 3860 40.
666 3797 741 3855 idern
761 3797 973 3877 abaliac.42,
994 3793 1264 3858 etaPersis410.

164 3877 244 3946 343
260 3877 377 3938 Triballi
393 3880 516 3939 eiusdem
531 3882 721 3941 Cantacuzeni
742 3901 818 3959 genu
836 3883 1004 3942 osculantur.
1039 3879 1165 3958 exempla
1179 3881 1266 3940 asculi

166 3963 311 4110 lixilpculis
329 3971 359 4024 et
373 3964 452 4023 faciei
465 3966 551 4025 habes
572 3964 649 4046 apud
673 3967 825 4027 Cantacuz.
848 3970 866 4030 1
892 3969 947 4044 16,
974 3967 1106 4025 dexterae
1125 3986 1149 4024 c.
1169 3963 1212 4030 84
1235 3972 1266 4026 et

167 4068 191 4107 c.
237 4053 262 4109 1.

234 4130 298 4181 ibid.
332 4128 366 4182 de
390 4130 545 4201 inperatore
572 4131 667 4185 minore
690 4133 809 4186 maiorem
832 4131 959 4186 salutante
986 4133 1012 4183 ct
1036 4129 1088 4183 eius
1104 4129 1195 4214 pedem
1218 4150 1265 4186 ex-

166 4197 298 4250 osculantc
321 4205 348 4250 et
372 4201 405 4253 ab
427 4201 513 4252 eodeur
536 4200 588 4253 oris
613 4201 725 4256 osculum
753 4207 903 4272 reportante
926 4201 1063 4253 Gretserus
1087 4201 1129 4253 lrrc
1152 4202 1264 4270 egregie.

167 4271 196 4318 at
221 4266 243 4317 si
264 4267 330 4319 alter
356 4268 428 4320 alteri
453 4287 530 4338 eques
556 4278 688 4328 occurrat.
709 4272 768 4340 quid
791 4268 1078 4324 contemneremus
1097 4271 1177 4326 135:
1196 4267 1264 4332 ibas

168 4327 354 4405 ἐπεκράτησεν
369 4331 489 4409 ἀρχαῖον
508 4333 585 4410 παρὰ
603 4343 663 4404 τοῖς
681 4337 828 4411 Ῥωμαίων
852 4338 1021 4410 βασιλεῦσιν,
1045 4333 1263 4412 ὅτανμέλλωσιν
