3050 4924
275 1016 277 1020 ‘
377 1029 709 1100 muumrrssruo
727 1031 760 1100 s.
773 1031 813 1100 n
828 1031 863 1099 a
877 1029 1059 1119 rarucur

168 1219 665 1332 nrcnnnur
714 1209 1267 1360 nnznnrno,
1382 1163 1388 1172 ’

273 1464 624 1558 AQUENSIUM
664 1385 1166 1547 AthHIEPISCOPO.

626 1731 764 1741 Q...
778 1735 819 1740 ⁴.-.
829 1736 835 1740 .

172 1921 308 2056 Quanto
321 1951 417 2039 ‘magis
437 1957 543 2020 aemula
563 1956 734 2018 Graecamm
748 1959 841 2020 Gallia
863 1958 1021 2038 literanum,
1044 1957 1271 2019 Eminentissirue

171 2062 343 2141 Cardinalis,
361 2063 507 2143 primaeva
518 2079 576 2120 uon
589 2061 702 2146 inferior
711 2063 832 2142 pietate,
858 2064 967 2143 imperii
980 2062 1119 2140 dignitate
1131 2079 1206 2120 nunc
1218 2081 1271 2140 po-

169 2165 242 2242 tior,
267 2170 348 2224 tanto
366 2165 419 2223 sibi
433 2162 548 2222 Graecia
560 2163 695 2241 pristinae
709 2165 872 2226 enrditiouis
887 2166 1028 2244 religionis
1045 2162 1199 2222 maiestatis
1211 2181 1271 2222 me-

167 2285 232 2326 mor
245 2267 355 2342 quaerit
368 2267 509 2326 ardentius
523 2263 632 2324 Galliae
645 2267 829 2345 praesidinm
857 2274 887 2328 et
908 2288 966 2345 quo
985 2265 1177 2326 vehementius
1196 2263 1272 2322 Galli

167 2381 298 2447 proceres
317 2369 469 2448 sapientiae
486 2366 663 2438 Athenaeum
685 2369 829 2448 ambiunt,
860 2389 895 2429 eo
918 2370 1016 2429 maiori
1034 2369 1123 2446 gestit
1141 2367 1272 2426 ubertate

106 2455 109 2459 ’
168 2471 334 2547 gaudiorum
346 2471 472 2530 Codiuus
493 2464 670 2546 domocultas
690 2489 792 2530 nomen
815 2472 935 2551 adeptus
948 2491 1029 2530 suum
1044 2472 1098 2528 hoc
1111 2469 1148 2546 de
1162 2467 1272 2526 Officiis

167 2570 360 2630 ecclesiasticis
376 2577 406 2630 et
423 2569 553 2650 palatinis
568 2589 639 2650 opus
653 2571 771 2655 aGallis
788 2579 903 2632 aeterna
920 2572 1129 2632 consecratione
1140 2569 1270 2628 dedicari.

167 2680 248 2732 extra
266 2675 404 2752 patriam,
430 2673 494 2732 licet
510 2693 568 2732 non
584 2674 717 2753 ignotus,
740 2694 833 2734 errare
844 2676 1005 2754 videretur,
1025 2675 1055 2732 ni
1075 2674 1182 2754 patrios
1201 2692 1270 2730 suos

167 2777 366 2836 ecclesiasticos
381 2796 509 2856 proceres
522 2777 552 2834 in
564 2777 714 2836 sacrarium
728 2776 824 2836 Tuum
842 2779 993 2858 reciperet,
1017 2777 1121 2836 aulicos
1141 2775 1172 2832 in
1191 2773 1270 2854 pala-

168 2879 239 2938 tium
258 2879 418 2958 induceret,
451 2882 481 2938 in
500 2899 558 2956 qno
580 2881 671 2939 avitae
689 2880 831 2958 religioni,
860 2879 943 2938 siaul
963 2897 997 2936 ac
1014 2878 1108 2956 regiae
1129 2875 1272 2936 maiestati

167 2981 264 3040 sedem
278 2985 411 3059 pararet.
431 2980 577 3040 albicantis
592 2983 644 3041 sub
659 2983 726 3043 Tua
738 3001 863 3063 purpura
874 2982 962 3041 vestis
975 2982 1097 3040 candore
1109 2983 1270 3058 perspecto,

167 3083 296 3142 intimum
310 3082 394 3142 animi
407 3080 464 3140 Tui
480 3084 630 3145 candorem
643 3067 761 3146 coniecit
775 3105 828 3144 nec
847 3085 982 3162 imparem
1002 3080 1168 3142 eminentiae
1187 3079 1269 3137 nobi-

167 3182 291 3257 litatem;
329 3184 571 3262 patriarchamque
590 3207 672 3248 suum
696 3209 759 3248 cum
782 3169 914 3247 ecclesiae
941 3203 1068 3262 magnae,
1089 3180 1271 3264 optimatibus

169 3287 264 3363 modo,
278 3303 340 3344 cnm
354 3305 406 3344 nec
419 3287 499 3365 luget
512 3309 564 3347 nec
575 3289 681 3349 ieiunat
689 3291 746 3369 illa,
763 3290 882 3350 candido
893 3287 986 3348 colore
995 3287 1160 3364 fulgentem,
1173 3266 1272 3361 modo,

170 3388 194 3446 si
207 3387 313 3447 luctum
332 3387 377 3447 vel
393 3389 524 3452 ieiunium
538 3392 685 3471 indixerit,
711 3409 857 3472 purpureo
869 3408 1030 3466 coruscum,
1055 3389 1085 3446 in
1097 3387 1184 3446 sacris
1198 3384 1271 3444 Tuis

105 3537 108 3547 r
170 3487 285 3545 aedibus
300 3487 346 3546 Te
366 3491 472 3566 colere3
495 3494 692 3573 imperatorem
712 3514 779 3554 vero
796 3493 890 3553 curiali
903 3511 955 3551 suo
974 3490 1109 3550 comitatu
1124 3489 1271 3566 stipatum,

169 3608 284 3648 aureum
306 3595 433 3666 quamvis
456 3599 487 3653 et
509 3616 680 3674 purpureum
700 3599 906 3673 undequaque,
946 3594 971 3651 si
995 3592 1169 3654 maiestatem
1193 3586 1270 3646 nullo

169 3711 294 3751 maerore
308 3693 498 3757 obnubilatam
510 3700 652 3776 proferat,
679 3695 804 3758 candidis
823 3703 922 3757 contra
934 3695 1059 3756 vestibus
1073 3695 1217 3767 amictum,
1244 3689 1270 3746 si

85 3826 91 3838 ·
168 3793 274 3855 luctum
297 3803 437 3878 testetur,
476 3800 521 3860 Te
540 3801 665 3859 venerari
687 3807 717 3859 et
737 3800 767 3859 in
788 3800 881 3878 musei
891 3799 948 3856 Tui
967 3799 1115 3856 secretiore
1133 3791 1270 3873 penetrali

171 3897 243 3958 Tuis
263 3885 382 3979 pedibus
402 3903 513 3963 advolvi
526 3909 653 3982 exoptat,
675 3909 706 3962 et
719 3921 794 3961 nunc
807 3902 910 3963 amisso
924 3901 1050 3979 imperio,
1073 3898 1110 3956 ad
1129 3893 1270 3954 felicitatis

169 4005 343 4081 reparandae
364 4022 463 4083 omen,
492 4007 655 4086 priusquam
672 4006 773 4064 iterato
795 4024 827 4062 se
846 4002 990 4082 proferat,
1017 4002 1047 4058 in
1069 3998 1135 4058 Tuo
1157 3995 1269 4056 nomine

169 4123 305 4182 apparere
321 4108 456 4186 postulat.
497 4109 527 4168 id
554 4091 623 4166 sane
639 4107 741 4167 Codini
766 4107 840 4184 opus
853 4110 915 4182 est,
940 4104 1018 4179 quod
1045 4120 1104 4161 non
1122 4097 1271 4159 crediderit

169 4208 268 4267 merito
295 4210 434 4290 quispiam
459 4215 504 4270 tot
531 4211 681 4270 dicandum
701 4207 858 4268 hominibus
886 4212 958 4282 quot¹
978 4205 1081 4271 Officia
1101 4199 1270 4284 percensuit,
1293 4211 1297 4222 ¹
1347 4193 1349 4197 ’

1054 4429 1060 4460 l
