3034 4916
483 339 531 412 IN
556 341 706 410 count!
733 341 818 413 CAP.
845 341 905 415 vl.
1174 343 1246 415 291

213 503 393 560 Martiniano
410 510 544 577 acceptam
567 499 729 572 καλύπτραν
757 503 813 558 eius
838 503 988 560 numismata
1012 505 1168 577 etantiqua
1194 513 1249 562 sta-

144 578 247 630 tuarum
269 583 446 642 monumenta,
468 577 491 630 si
511 591 579 650 qnae
599 574 740 645 supersint,
759 573 862 646 scriptis
878 574 971 628 alarius
987 575 1142 630 edocebunt

163 705 164 708 ο
227 665 294 728 ibid.
307 685 360 745 pro
376 661 539 744 ύπίρτερον
564 663 683 724 libenter
703 659 826 741 legerem
841 659 1039 747 ὑπέρκορον,
1075 669 1110 723 ut
1139 664 1177 722 air
1198 683 1250 742 ge..

143 754 256 810 stamen
271 751 371 829 capitis
388 750 478 811 instar
491 750 564 830 ignis
576 753 731 809 flammans.

214 843 374 912 καλύπτρας
404 846 479 899 huius
513 862 604 898 nomen
629 843 743 897 innuisse
773 846 800 897 et
827 841 936 914 liguram
969 849 1177 914 repraesentasse
1208 847 1251 900 ri-

145 916 222 970 detur
247 916 380 970 Cedrenus
403 915 429 968 in
452 915 563 968 Basilio:
587 909 715 983 στεφοίνφ
744 913 837 984 ηρυσρῖ
859 909 950 980 λόφον
971 907 1132 980 ἐφύπερθεν
1159 913 1250 983 ἔχοντι

144 978 346 1056 ἐθριάμβευσεν
362 977 594 1053 ἐστεφανωμένος.
615 977 778 1050 ύπὲρπυρου
800 982 935 1050 legendum
958 983 1074 1050 suggerit
1098 984 1249 1037 Grataerus.

145 1072 197 1108 non
214 1056 320 1122 ignare,
337 1057 378 1106 ine
394 1054 504 1106 hercule.
521 1053 585 1122 legit
601 1052 666 1106 enim
682 1049 748 1104 idem
760 1051 952 1104 Ceresius-dum
964 1052 1096 1104 rescribite
1112 1047 1145 1105 τδ
1163 1047 1250 1120 ύπὲρ-

145 1141 238 1192 πυρον
255 1123 366 1191 tegimen
387 1130 427 1176 est
444 1123 550 1192 capitis,
568 1121 666 1176 hostilis
682 1119 811 1188 sanguinis
827 1119 974 1174 effundendi
992 1137 1081 1187 omen,
1094 1121 1158 1189 regii
1176 1123 1250 1174 surro-

146 1193 184 1276 pis
208 1193 234 1246 ln
257 1191 420 1244 adversarios
443 1191 587 1273 protecturi
611 1191 724 1272 signum,
751 1189 849 1272 eximia·
863 1204 978 1260 purpura
997 1190 1125 1272 fucatum,
1150 1208 1201 1259 quo
1219 1207 1250 1243 se

145 1261 376 1400 ἴλῗιῗξοῖιῗιίιλ
390 1258 755 1396 λίλιῗίίλῖῐίλίὲιλίῗῖ
773 1259 1250 1382 hlhthtlltlhllllhtttt

146 1399 239 1453 solium
260 1399 433 1469 promotione,
456 1393 538 1452 ἄλλοι
561 1394 593 1451 δὲ
618 1393 670 1465 τὴν
692 1393 857 1464 καπνηροίυ,
882 1396 986 1465 inquit,
1005 1393 1054 1450 καί
1073 1397 1250 1466 πυραμοειδῆ

147 1464 231 1535 ίρέακ
247 1469 298 1552 τῇς
312 1467 436 1556 κεφαλῆς
456 1463 622 1554 §paliperna
643 1460 753 1536 πυρσήν
776 1460 854 1540 αύτρῑ
874 1461 1057 1534 περιὲθτντο,
1075 1466 1124 1520 κοιλ
1145 1462 1248 1535 στολὴν
1282 1537 1284 1540 v

147 1537 293 1608 βασιλικην
306 1529 441 1592 ίνεδνσαν
458 1554 557 1604 ετεροι.

233 1624 443 1684 Gestaminibus
462 1643 535 1701 quae
553 1625 706 1704 imperator
723 1624 780 1682 fert
798 1625 829 1682 iu
850 1625 960 1702 eapite,
981 1625 1055 1684 adde
1072 1625 1157 1684 etiam
1178 1623 1249 1684 illud

148 1710 227 1786 quod
247 1710 387 1786 Georgius
408 1707 587 1788 Acropolita,
610 1727 728 1785 magnus
747 1708 910 1787 logotheta,
930 1711 960 1766 in
975 1729 1027 1768 suo
1043 1710 1183 1770 Chronico
1197 1731 1250 1788 ap-

146 1795 237 1874 pellat
253 1795 434 1872 pyramidem,
455 1794 503 1850 ubi
527 1794 564 1853 de
585 1792 683 1851 Isaaeo
704 1793 872 1869 imperatore
887 1792 1045 1871 aBulgaris
1062 1796 1173 1854 devicto
1187 1797 1249 1872 agit

145 1900 176 1958 p.
191 1883 233 1942 22
255 1883 274 1941 8
297 1877 388 1936 Bonn.
431 1884 456 1938 et
481 1878 528 1936 boc
547 1884 674 1956 tempore,
693 1878 802 1962 inquit,
822 1878 946 1955 Balgari
964 1884 1048 1939 tantis
1066 1879 1249 1940 Romanorum
1367 1883 1371 1892 ’

146 1964 241 2044 spoliis
254 1966 394 2042 acquisitis
412 1965 548 2043 superbias
570 1964 773 2044 insolentiasque
787 1983 814 2022 se
832 1965 972 2042 gerebant:
993 1963 1045 2026 καί
1066 1961 1123 2047 yolp
1142 1963 1194 2026 καί
1215 1965 1249 2027 ἐκ

145 2053 208 2111 coia
229 2050 394 2128 βασιλικῶν
412 2043 601 2129 παρασήμων
621 2044 658 2110 col
677 2043 873 2132 καιριώτερα·
895 2044 950 2122 τα’ς
968 2072 1000 2112 τε
1023 2047 1078 2130 yda
1092 2054 1147 2111 τοῦ
1162 2053 1249 2132 βασι.
1271 2076 1274 2090 ⁴

146 2132 223 2206 λεόις
245 2129 301 2208 τοὶς
324 2135 497 2214 πυραμίδας
523 2128 717 2214 οίνελιίβονιο.
760 2136 798 2194 ad
823 2154 895 2211 quae
917 2135 1056 2213 interpres
1077 2135 1248 2196 Theodorus

145 2218 261 2279 Dousa:
281 2221 414 2300 πυραμίς
428 2225 487 2280 erat
506 2220 596 2298 pileus
618 2223 803 2298 acuminatas,
821 2225 910 2282 iratur
930 2223 1100 2300 pyramidis,
1124 2222 1250 2280 Om‘enta.

147 2307 215 2364 lium
224 2307 374 2382 praepura
388 2311 531 2380 gestamen.
573 2307 650 2364 cuias
668 2311 762 2383 postea
779 2309 876 2364 iterum
889 2311 982 2364 οαιλοι
996 2310 1125 2366 meminit:
1144 2307 1196 2368 καλ
1210 2303 1249 2366 col

143 2387 204 2471 μὲν
218 2386 335 2468 ἐρυθροὶ
349 2389 455 2452 πέδιλα
469 2383 666 2470 οίπεβοίλλετο,
687 2387 740 2451 καί
759 2384 816 2467 την
840 2385 1066 2472 περιμύργαρον
1083 2391 1249 2470 πυραμίδα,

130 2475 193 2546 ἐίς
220 2469 261 2553 ἣν
287 2471 339 2535 καλ
360 2476 449 2548 λίθος
473 2466 685 2554 ύπερκοίθηται
707 2471 860 2549 κόκκινος,
895 2471 916 2535 δ
940 2470 1080 2554 βασιλικοί
1101 2473 1247 2554 σύμβολα.

147 2561 364 2620 Cantacuzenus
391 2565 406 2622 1
429 2561 449 2624 5
471 2559 573 2638 pileum
588 2559 662 2618 hunc
676 2576 726 2616 seu
740 2559 841 2639 tiaram
855 2558 890 2618 ab
904 2560 1010 2619 hraerto
1025 2562 1129 2618 unione
1141 2580 1192 2618 seu
1206 2561 1247 2619 la·

146 2646 214 2727 pide
227 2645 351 2722 pretioso
365 2646 564 2721 synecdochice
579 2645 707 2704 nominat
719 2640 773 2727 adv
786 2643 837 2708 ἐπὶ
849 2648 905 2724 τῆς
918 2651 1052 2724 κεφαλῆς
1073 2648 1175 2707 λίθου.
1217 2651 1248 2704 et

147 2731 170 2796 4
190 2730 232 2792 37
252 2730 321 2788 haec
339 2733 437 2789 eadem
455 2732 526 2790 tiara
540 2737 584 2790 est
603 2731 802 2789 Cantaeuzeno
816 2729 896 2813 λίθῳ
909 2730 1133 2810 κεκοσμημένος
1146 2734 1245 2803 πῖλος.

146 2821 193 2874 est
207 2816 363 2892 symbolum
378 2816 487 2894 imperii
503 2823 517 2881 1
535 2815 563 2880 5.
606 2818 736 2893 quocirca
758 2817 897 2874 diversum
916 2817 1007 2876 fornia
1021 2818 1107 2876 fuisse
1121 2818 1256 2896 oportuit

145 2900 225 2959 illmn
240 2919 323 2977 quem
346 2903 480 2978 fugitivus
501 2899 679 2962 Andronicus
699 2903 861 2962 Comnenus
883 2903 1035 2980 imperator
1054 2903 1163 2980 induit,
1183 2903 1248 2962 licet

146 2987 301 3066 pyramidis
326 3004 439 3062 quoque
463 2988 584 3067 speciem
602 3007 671 3066 prae
690 3007 723 3046 se
742 2989 843 3047 ferret:
870 2994 960 3051 πῖλον
981 2984 1038 3070 yolo
1060 2985 1254 3072 βαρβαρικὸν

145 3075 188 3156 τῇ
203 3077 323 3158 κεφαλῇ
337 3071 549 3154 περιθέμενος,
572 3069 606 3147 lla
622 3074 665 3147 εἰς
679 3067 734 3149 σ’ξύ
748 3069 851 3155 λη’γαν
864 3073 1012 3153 πυραμίδι
1025 3073 1170 3144 elaeatae,
1190 3071 1249 3154 την
1304 3149 1305 3152 ¹

147 3153 308 3238 partireris
330 3159 452 3220 εἴσεισιν
474 3150 568 3232 αὖθις
586 3154 710 3239 τριήρη,
732 3164 765 3218 ut
782 3161 823 3218 ait
836 3157 951 3218 Nicetes
966 3158 984 3218 l.
999 3164 1020 3223 2
1034 3160 1071 3218 de
1084 3158 1248 3218 Andronico

147 3242 303 3301 Comneno.
346 3245 454 3321 grande
468 3251 562 3304 tamen
576 3245 687 3303 aliunde
703 3245 776 3303 inter
796 3245 871 3303 hunc
894 3245 1069 3304 barbaricum
1087 3247 1264 3323 pyramida-⁴

146 3327 204 3386 lem
215 3327 319 3405 pileum
333 3335 363 3388 et
378 3329 455 3388 illum
469 3331 586 3390 alterum
599 3331 809 3409 imperatorium
821 3330 1012 3388 intercessisse
1031 3336 1161 3408 oportet,
1184 3351 1248 3390 cum

146 3411 326 3472 Andronicus
342 3415 416 3474 hunc
430 3414 619 3492 barbaricum,
635 3435 672 3474 ne
686 3421 885 3493 agnosceretur
898 3416 1068 3494 imperator,
1088 3434 1248 3494 assumpse-

146 3498 202 3569 rit;
228 3499 301 3558 sieut
319 3506 350 3559 et
368 3499 502 3559 turbinati
526 3501 566 3558 illi
586 3500 652 3578 pilei
676 3505 774 3580 σχῆμα
794 3502 963 3580 πυραμίδος
987 3500 1116 3578 ἔχοντες,
1146 3502 1248 3576 quihus

147 3601 278 3662 proceres
302 3585 331 3642 in
351 3585 414 3642 aula
432 3586 584 3663 Cpolitana
604 3585 773 3664 utebantur,
794 3587 892 3660 utique
906 3587 941 3645 ab
956 3587 1132 3664 imperatoris
1148 3581 1264 3647 καλύ-’

147 3691 256 3746 πτραις
268 3687 318 3726 seu
329 3673 498 3746 tegumentis
518 3671 548 3729 in
568 3671 742 3748 pyramidem
765 3671 914 3748 fastigiatis
936 3671 1141 3752 discrepabant.
1182 3670 1249 3730 vide

148 3752 307 3830 Gregoram
321 3756 363 3812 ad
372 3754 474 3815 calcem
489 3757 630 3816 historiae

234 3839 355 3916 Graeci,
375 3848 488 3918 recepta
511 3861 528 3900 a
545 3839 656 3900 huam
677 3840 778 3920 Cpoli,
795 3839 869 3900 inter
882 3841 1012 3900 Balduini
1026 3839 1055 3898 ll
1072 3838 1249 3916 imperatoris

146 3923 277 4000 symbola
289 3932 454 4003 reperenrnt
475 3927 629 4004 calyptram
649 3929 740 3985 forma
762 3924 872 3986 Latinis
896 3929 1002 3986 usitata
1024 3928 1200 3983 constantem
1218 3929 1249 3983 et

147 4010 299 4068 unionibus
314 4011 490 4089 distinctam,
510 4031 572 4069 cum
585 4011 680 4090 lapillo
693 4013 770 4071 rubri
783 4014 884 4072 eoloris
906 4015 935 4070 in
955 4011 1059 4069 vertice
1080 4009 1195 4087 capitis,
1215 4016 1249 4068 ut

147 4095 179 4151 in
204 4091 347 4155 Pandente
367 4096 464 4156 scribit
488 4094 673 4157 Leunclavius
693 4115 727 4158 ex
746 4097 880 4158 Praetore
906 4097 1040 4155 Graeciae
1059 4095 1192 4154 historico
1206 4095 1250 4154 in-

148 4179 236 4238 edito.

234 4263 354 4326 basilius
371 4263 631 4346 Porphyrogenitus
652 4267 730 4346 apud
751 4265 891 4348 Zonararn
911 4265 1067 4345 triumphat
1081 4257 1170 4349 τιοίρμ
1186 4288 1253 4327 ται-

149 4347 279 4424 νιωθελς
298 4347 403 4438 ὀρθία,
424 4349 468 4433 ἢν
481 4355 601 4433 τιῦφαν
613 4357 700 4418 καλεῖ
712 4349 731 4416 δ
747 4345 889 4433 δημνίδης
902 4352 952 4444 καλ
967 4349 1063 4426 πολύς
1076 4347 1250 4433 ἅνθρωπος,
