2958 4918
277 291 348 364 146
432 287 646 358 GRETSERI
660 287 714 356 ET
730 287 863 356 GOARI
877 284 1214 356 couMuNTAqus

237 486 242 498 ·
272 457 386 541 yoptm
405 475 456 516 seu
472 449 683 520 inanimatio.
724 454 912 516 examinemus
930 452 1056 531 singulus
1069 452 1129 512 eius
1143 451 1274 532 ineptius.
1318 455 1378 514 taio

272 538 489 623 ciuropoootuo,
510 541 548 600 ad
559 543 682 614 ocrbum,
701 541 932 618 amimalium,
950 540 1044 617 iuquit
1061 545 1115 600 etc
1158 560 1178 599 a
1194 558 1283 600 maora
1300 533 1378 600 baro·

273 633 374 689 uincti
391 633 454 687 caut
473 625 506 690 oi
518 619 714 707 ciorrpiooooo,
735 629 816 705 quari
835 626 911 684 dicat
934 624 1139 698 ammonam,
1161 627 1210 704 qui
1224 623 1263 684 acb
1275 643 1379 684 sacram

272 731 389 774 murram
401 716 519 792 primm
534 712 727 791 recipiebantur
742 718 768 770 ct
781 714 979 770 communionem
995 709 1232 770 uubarictiaeetc.
1273 709 1305 770 bi
1315 711 1380 768 aria

272 803 450 881 priusquam
465 796 665 857 admitterentur
684 795 722 855 acb
749 799 950 855 commum'oucm
977 813 1098 874 sacram,
1126 795 1246 855 colebant
1266 795 1380 855 ecclesiia

275 889 341 944 autc
354 899 468 942 mearam
482 885 544 942 aru
556 877 608 945 boob
621 876 676 944 τόν
689 884 749 942 rabo
768 873 963 962 bucrprootooo
978 875 1123 961 ἄρχοντα,
1141 886 1287 958 posteaque
1297 879 1381 942 eodem

273 973 417 1052 praecaute
436 965 538 1028 adduci
554 967 593 1027 ab
609 969 826 1040 commortuum,
858 971 890 1024 ut
906 963 1002 1044 patum
1021 969 1146 1024 testatum
1162 965 1288 1044 jaceret,
1322 964 1381 1024 ilios

276 1073 349 1114 uuor
367 1056 473 1113 conitor
497 1055 527 1113 ia
546 1071 629 1113 uuum
649 1071 742 1132 corpur
763 1050 892 1119 coaluisse
912 1067 972 1110 cum
993 1050 1099 1109 cbristo
1123 1055 1150 1109 et
1175 1050 1286 1110 eccieu'a
1318 1053 1380 1109 eius.

277 1140 322 1197 bic
340 1145 429 1198 autern
450 1140 522 1197 ritus
542 1133 577 1201 co*
599 1131 788 1216 cicropiuoroo
811 1136 901 1195 dictur
915 1140 962 1194 cot.
1004 1135 1116 1193 fabulae
1132 1131 1284 1212 plusquam
1295 1131 1381 1192 Aeso

277 1224 371 1304 picae;
390 1224 492 1300 quibus
512 1222 672 1282 refellendis
699 1222 749 1280 diu
776 1219 915 1280 immorari
938 1219 978 1279 nii
999 1223 1052 1279 erit
1074 1238 1205 1297 necesse,
1226 1221 1276 1280 ubi
1292 1221 1381 1300 ipsam

276 1309 425 1368 veritatem
453 1308 697 1386 explicaverim,
737 1325 790 1364 nec
809 1307 923 1365 aliunde
943 1306 998 1364 nisi
1022 1325 1056 1364 ex
1086 1306 1260 1366 Graecorum
1285 1325 1383 1364 monu-

277 1395 389 1452 mentis.
432 1395 502 1471 quid
517 1394 604 1471 igitur
619 1397 687 1450 sunt
701 1391 880 1452 autimeurio?
910 1394 1086 1463 ontimenria,
1107 1391 1200 1470 inquit
1219 1392 1308 1451 illein
1322 1391 1384 1449 Iure

278 1476 492 1552 antonian,
515 1483 612 1538 scimur
621 1479 690 1556 fiori
707 1478 804 1552 colato,
825 1476 930 1556 macodo
939 1482 1073 1556 episcopus
1084 1483 1236 1536 consecrato
1248 1477 1384 1537 dedicato·

278 1583 329 1644 que
341 1563 437 1642 tempto
446 1583 565 1643 paruum
574 1582 677 1622 uernae
690 1564 853 1622 subaratum
866 1582 1031 1641 murramque
1040 1583 1086 1621 reu
1096 1563 1182 1622 attare
1195 1567 1344 1640 tegentem,
1357 1564 1384 1620 iu

272 1647 367 1727 scruta
380 1647 521 1708 dirrutum
531 1653 684 1728 picturaque
693 1647 871 1709 cacerdotibus
887 1647 1039 1719 distribuit,
1064 1653 1096 1706 ut
1110 1669 1140 1707 co
1148 1648 1272 1728 praediti
1281 1649 1385 1726 sacrafi-

278 1736 349 1792 cium
369 1733 463 1812 offerre
485 1740 593 1813 queant.
634 1739 702 1792 sunt
725 1734 813 1812 igitur
832 1736 992 1793 autimenria
1013 1751 1047 1791 ea
1069 1751 1141 1808 quae
1163 1735 1241 1811 apud
1265 1731 1385 1791 Latinos

276 1817 381 1898 lapides
405 1823 550 1879 consecrati
572 1837 623 1877 seu
649 1837 715 1879 arae
735 1819 893 1898 portabiles,
924 1819 985 1876 sine
1015 1818 1117 1894 quibus
1144 1818 1313 1877 sacrificium
1331 1817 1385 1877 fieri

275 1921 336 1962 non
350 1908 462 1981 potest,
483 1905 508 1962 ei
529 1924 587 1964 non
601 1905 736 1964 offeratur
751 1905 781 1962 in
799 1904 880 1962 altari
900 1923 951 1980 per
970 1921 1003 1961 se
1023 1904 1148 1982 alioquin
1169 1911 1339 1964 consecrato
1359 1909 1386 1960 ct

276 1988 417 2046 dedicato.
461 1989 592 2048 dicuntur
606 1993 779 2065 antimaria,
806 1990 872 2065 quia
891 1995 959 2048 suut
973 1988 1036 2048 loco
1055 1983 1169 2048 mensae
1182 2007 1385 2049 senaraecon·

276 2078 404 2130 sectatae
420 2074 536 2153 eiusque
557 2075 645 2133 vicem
664 2073 802 2148 subeunt3
825 2075 954 2149 fiuntque
975 2093 1009 2132 ex
1029 2093 1125 2153 panno
1136 2075 1226 2134 ‹rivin›
1240 2075 1317 2134 etin
1332 2076 1385 2132 fru-

276 2163 325 2215 sta
339 2157 478 2236 dissecto,
499 2177 534 2219 cx
549 2159 612 2237 illo,
629 2161 762 2236 inquam,
780 2179 875 2238 panno
891 2159 938 2235 qui
954 2159 1043 2220 altare
1059 2160 1095 2218 ab
1113 2160 1247 2240 episcopo
1262 2161 1299 2220 de
1315 2179 1386 2218 novo

276 2249 471 2302 consecratum
490 2245 629 2305 vestiebat
650 2251 681 2302 et
700 2245 833 2303 ornabat:
859 2245 913 2304 hoc
929 2245 1003 2303 enim
1020 2246 1224 2322 operimentum
1243 2247 1273 2304 in
1292 2251 1386 2324 partes

228 2339 231 2349 '
278 2328 402 2388 minutae
417 2329 568 2389 dissectum
581 2330 767 2390 distribuebat
780 2331 928 2410 episcopus
941 2331 1145 2408 sacerdotibus,
1158 2337 1192 2391 ut
1205 2337 1309 2410 postca
1323 2350 1385 2408 par-

277 2413 350 2472 tium
366 2414 483 2473 istarum
500 2416 633 2477 beneficio
650 2416 812 2476 sacrificium
837 2417 867 2476 iu
892 2415 1027 2476 altaribus
1054 2417 1139 2477 etiam
1153 2436 1212 2476 non
1239 2435 1385 2477 consecra·

280 2499 318 2557 tis
334 2499 436 2560 offerre
450 2509 577 2581 possent

349 2630 376 2684 p.
389 2615 406 2669 5
418 2633 445 2669 v.
458 2618 500 2671 18.
517 2617 681 2685 Antimcmia,
692 2616 767 2686 qnasi
776 2632 880 2670 meurac
890 2632 983 2671 oucrac
992 2616 1387 2688 ciocaocuuptaruntGracoo·

281 2696 335 2734 rum
348 2684 442 2737 altaria
446 2685 599 2805 portatilia,
615 2686 695 2738 lintea
707 2684 822 2738 nimirum
832 2686 911 2739 sacris
924 2685 1037 2756 reliquiis
1056 2685 1154 2750 ditata,
1176 2695 1310 2755 unguento
1323 2703 1387 2756 qno·

280 2767 334 2870 pua
353 2767 428 2806 moro
464 2753 560 2808 elihuu
578 2771 609 2807 aa
627 2753 758 2824 pontificis
774 2753 951 2808 benedictione
968 2754 1002 2807 od
1014 2754 1113 2807 mirram
1125 2754 1151 2808 iu
1162 2755 1196 2811 iia
1206 2756 1386 2810 celebrandurn

299 2819 410 2874 odtmta.
444 2827 475 2874 nt
485 2839 573 2877 uorum
584 2839 645 2878 urna
654 2824 732 2878 untia
741 2824 933 2890 communione,
956 2823 1001 2895 qui
1011 2823 1087 2876 hura
1100 2839 1188 2880 curum
1203 2825 1323 2897 sucipit,
1338 2824 1387 2878 illio

280 2888 389 2956 praefici
405 2890 541 2946 munitur.

367 2995 507 3065 Quocirca
532 2997 643 3073 quaerit
666 2996 713 3057 ilie
735 2998 765 3056 in
794 2995 859 3058 Iure
883 2997 1153 3080 GraeccRomano,
1194 3000 1260 3082 paui
1275 3000 1386 3081 faucu-

277 3077 344 3140 dum
362 3083 389 3140 ri
408 3081 495 3142 decim
514 3085 690 3156 antimaria,
722 3103 783 3144 curn
807 3089 864 3144 ciue
883 3084 925 3144 bio
953 3087 1082 3146 ademare
1108 3108 1163 3148 aou
1192 3087 1294 3147 licuit?
1344 3105 1386 3144 re-

280 3183 417 3241 sponsum
448 3167 493 3226 his
526 3167 618 3227 verbis
647 3169 744 3244 datur:
784 3173 943 3232 antimeario
972 3175 1002 3232 iu
1031 3172 1149 3232 omuibur
1173 3176 1277 3232 sancus
1293 3173 1387 3232 mendo

274 3250 350 3340 ‘thoe
370 3257 415 3310 est
435 3251 584 3333 altaribus)
598 3257 667 3332 poni
683 3274 784 3315 macore
802 3275 853 3316 uon
873 3263 929 3334 ert,
960 3257 1007 3316 red
1028 3259 1058 3316 iu
1077 3261 1114 3317 iic
1134 3256 1167 3316 be
1186 3259 1282 3338 quibus
1300 3261 1387 3316 inccr-

281 3339 339 3395 tum
360 3355 423 3395 num
442 3345 608 3398 coruecratae
625 3342 680 3399 ciat
699 3360 787 3400 neure.
828 3361 892 3402 aaut
911 3345 1071 3402 outimcnria
1091 3342 1177 3402 aaa
1193 3344 1312 3402 obtinent
1327 3362 1387 3402 corr·

281 3427 446 3483 sacratarum
473 3442 643 3498 mutuarum,
678 3445 725 3484 nco
747 3429 784 3486 iio
810 3446 875 3506 opus
893 3432 932 3486 ert
953 3429 1002 3487 ubi
1024 3445 1127 3488 macras
1147 3433 1315 3488 caueamus
1334 3445 1386 3486 croc

281 3510 394 3566 coartat.
437 3525 472 3567 ex
492 3509 593 3586 quibus
614 3509 721 3586 liquido
742 3516 824 3589 patet
840 3530 913 3588 qnae
931 3509 989 3571 sint
1007 3516 1183 3584 antimaria,
1203 3514 1268 3590 quis
1290 3531 1386 3572 eorum

279 3607 366 3669 usus,
392 3610 494 3671 nempe
513 3594 588 3654 idem
608 3615 723 3673 promus
745 3597 793 3671 qui
814 3600 893 3676 apud
917 3598 1317 3675 noscitariumportatibiuu
1334 3617 1385 3655 een

278 3674 419 3754 tapidum,
443 3686 477 3737 nt
493 3699 641 3758 vocamus,
664 3689 889 3758 consecratorum,
910 3701 1030 3758 quorum
1045 3682 1180 3742 beneficio
1200 3689 1299 3762 potest
1323 3683 1386 3760 quis

279 3762 366 3822 etiam
385 3763 416 3820 in
436 3782 495 3824 non
514 3770 678 3826 consecrato
699 3765 780 3825 obtati
797 3767 945 3828 celebrare.
987 3768 1067 3844 quod
1084 3788 1154 3847 ergo
1173 3788 1226 3829 nos
1236 3786 1386 3848 passumus

280 3843 335 3906 hoc
353 3849 466 3926 medio,
491 3849 522 3908 id
541 3850 642 3909 Graeci
664 3851 783 3925 quibant
805 3871 856 3930 per
877 3857 1052 3926 ueroeam,
1077 3851 1132 3914 hoc
1149 3861 1195 3914 est
1211 3874 1264 3934 per
1291 3859 1386 3932 partu
1459 3851 1460 3870 ¹

279 3934 437 4010 tegumenti
453 3934 526 3996 illius
547 3936 626 4014 quod
645 3954 751 3996 novum
770 3936 875 4018 altare,
907 3939 1021 4016 quando
1043 3939 1180 4019 templum
1204 3939 1385 4000 consecraba-
1459 3989 1460 4008 ,

280 4021 347 4096 tur,
365 4027 524 4098 operuerat.
1251 4062 1254 4068 «

171 4117 262 4175 Ρ170
363 4117 443 4180 Inter
458 4128 565 4184 ceteras
582 4124 762 4201 quaestiones
787 4123 886 4186 Ioanni
908 4125 999 4186 Citrio
1019 4127 1183 4206 propositas
1207 4125 1278 4186 haec
1303 4125 1386 4184 etiam

279 4221 338 4263 una
354 4212 435 4283 erat,
458 4225 496 4268 an
512 4212 671 4270 urtr'mearia
685 4215 766 4270 ctiam
779 4210 890 4271 ualeant
904 4215 934 4272 iu
945 4213 1010 4272 atiir
1016 4215 1164 4290 procinctui
1177 4217 1203 4272 et
1219 4213 1385 4282 abamita,

280 4289 412 4350 aarum
424 4295 454 4352 u
468 4293 582 4358 uacca
592 4299 878 4378 maurocenum
900 4297 953 4360 aa
973 4301 1150 4360 emmau
1168 4304 1196 4358 o
1216 4299 1384 4378 mpetum
