3034 4916
510 333 557 401 ru
579 331 727 402 comui
748 334 832 403 car.
855 335 915 404 vr.
1190 335 1264 410 aas

160 497 234 552 dame
251 494 316 561 eius,
333 494 444 567 inquam.
461 495 554 552 nomini
571 495 681 566 primurn
697 498 725 550 et
738 495 902 569 praecipuum
917 495 1017 570 imperil
1033 495 1190 556 flammulae
1202 516 1265 556 eon·

159 571 288 622 secretum
304 571 361 632 est,
381 573 410 621 et
426 561 646 648 ἄψοτοάιηγος
660 575 832 636 nuncupatur.

228 668 296 722 ibid.
314 662 425 733 εἰκόνος
442 663 511 738 ἔχων
526 663 646 736 πολλάς]
672 667 694 720 si
713 667 801 738 plnres
816 667 965 740 pontificum
981 668 1103 740 imagines
1121 688 1152 726 eo
1168 673 1283 728 vexillo.

177 737 299 806 ‘aguntur
318 755 405 792 eorum
422 755 487 808 quos
504 737 622 792 devotius
640 737 726 790 colunt
745 743 772 790 et
787 739 816 793 in
831 739 940 808 publicis
982 737 1082 792 recubus
1104 742 1263 812 frequentias

158 809 312 873 inclamant,
328 807 413 878 magui
429 806 534 871 Basilii,
550 805 671 876 Gregorii
686 807 814 876 theologi,
842 808 944 863 loannis
962 757 1155 890 iihrpsostomi,
1181 813 1264 868 htha-

158 875 240 940 uarii,
260 876 352 944 cyrilli
369 875 535 931 Alexandrini
549 883 577 930 et
594 875 696 930 Nicolai
713 874 844 944 Myrensis
860 877 952 932 ibidem
970 883 1067 947 positas
1084 877 1143 931 mihi
1157 897 1261 962 prorsus

157 945 287 999 indubium
305 951 360 1011 est3
383 951 410 1000 et
427 951 498 1012 certe
515 945 542 998 in
560 944 662 998 octihdo
679 946 773 1000 vexillo
792 945 928 1012 eiusmodi,
951 963 999 1017 pro
1022 945 1129 1016 singulis
1146 947 1261 1004 nimirum

158 1015 261 1082 lingulis
277 1031 370 1083 unum,
387 1021 447 1068 octo
465 1032 558 1068 censeo
573 1013 709 1086 depictos,
727 1021 754 1069 et
770 1015 803 1068 ad
818 1016 916 1086 priores
934 1032 985 1068 non
1003 1032 1092 1085 parum
1110 1017 1143 1069 ab
1162 1017 1201 1072 eis
1216 1036 1260 1072 ce·

157 1083 272 1167 lebratps
297 1085 454 1157 Gregorium
474 1085 679 1156 thaumaturgum
701 1089 730 1140 et
752 1083 1013 1154 Hierosolymitanum
1037 1085 1161 1154 cyrillum
1183 1086 1261 1142 alium

156 1169 309 1212 accersisse.

241 1242 308 1302 ibid.
329 1261 382 1304 uec
397 1244 488 1305 minus
500 1247 576 1303 errat
591 1241 705 1322 Iunius,
724 1261 788 1303 urm
797 1243 865 1304 illud
876 1243 1022 1326 ἰέραρχοῖν
1034 1242 1095 1303 vult
1108 1243 1183 1303 idem
1196 1262 1259 1306 esse
1352 1310 1358 1321 ,

157 1327 242 1410 (prod¹
251 1331 372 1410 princeps
395 1347 543 1406 sacrorum,
571 1330 652 1410 quasi
669 1328 776 1389 scilicet
795 1330 924 1409 princeps
939 1348 1082 1388 sacrorum
1097 1330 1171 1390 ferat
1190 1329 1260 1392 illud

156 1412 293 1475 vexillum.
336 1435 439 1494 nugae.
481 1435 548 1476 nam
571 1416 716 1495 ἱεραρχοῖν
734 1420 779 1474 est
798 1417 907 1495 patrius
931 1435 1011 1476 casus
1030 1417 1137 1474 numeri
1164 1415 1258 1475 multi-

156 1498 297 1560 tudinisa
317 1507 395 1560 recto
415 1495 571 1584 ἱεροὶρχης,
595 1517 667 1576 quae
680 1519 734 1560 vox
747 1501 923 1582 praesulem,
945 1503 1109 1582 episcopum
1123 1519 1174 1562 acu
1184 1519 1256 1581 pon-

156 1583 259 1644 tificem
282 1587 408 1646 denotat.
452 1581 609 1650 Νικολάου
630 1590 686 1648 τοῦ
705 1583 898 1668 περιωνύμου
917 1587 950 1648 ἐν
967 1583 1117 1666 ἱεράρχοος
1137 1582 1191 1650 τᾶν
1206 1609 1257 1648 scs-

156 1674 284 1750 praessa
308 1669 428 1732 τουτονὶ
447 1666 541 1746 ναόν,
569 1671 663 1747 inquit
679 1671 826 1730 Cedrenus
846 1673 877 1730 in
899 1672 1017 1751 imperio
1039 1671 1146 1732 Basilii.
1186 1689 1257 1749 ergo

75 1827 85 1838 ἱ
155 1753 295 1814 hierarcha
312 1754 480 1834 Cpolitanus
497 1760 559 1816 erat
579 1755 738 1835 patriarcha
748 1757 872 1818 eiusdem
885 1758 977 1834 urbis,
999 1775 1084 1834 quem
1096 1757 1258 1837 imperatori

154 1838 299 1900 hamulum
312 1859 363 1898 seu
377 1839 714 1922 vexillumpraeportasse
728 1842 791 1918 quis
805 1842 918 1920 credat,
948 1843 1002 1902 nisi
1024 1842 1136 1903 aliunde
1158 1842 1189 1902 id
1209 1842 1259 1902 Iu·

152 1925 217 1986 nius
233 1924 357 2003 probet?
817 1957 827 1988 ο

221 2022 262 2106 3ο.
278 2040 304 2076 v.
324 2023 350 2076 2.
367 2015 553 2108 betsaidam]
570 2022 665 2106 piscem
681 2023 833 2108 polypodcm
849 2022 993 2107 hodiernus
1004 2021 1195 2106 loqupndiusus
1209 2017 1259 2076 da-

152 2091 294 2145 recenses
313 2098 402 2146 vocat.
435 2093 557 2147 vexillum
581 2091 641 2146 ulad
663 2093 782 2146 (insectis
800 2093 896 2146 laciniis
917 2094 1024 2146 inferrus
1046 2092 1155 2146 drusum
1172 2087 1257 2146 dasci-

152 2162 291 2298 imm
301 2161 518 2233 'polypodcmque
534 2162 652 2216 scissuris
669 2165 800 2230 reterens,
822 2161 995 2219 ὀνταποδίοο
1012 2177 1105 2216 nomen
1122 2162 1257 2232 accepite

223 2315 259 2369 ih.
275 2333 301 2368 v.
318 2317 345 2374 3.
365 2311 484 2382 σταυρὸς
500 2313 570 2386 ἔχων
586 2311 709 2385 εἰκόνας]
730 2331 830 2370 crucem
846 2316 912 2368 hauc
929 2314 955 2368 in
973 2315 1064 2369 castris
1081 2317 1109 2368 et
1126 2313 1255 2370 conhich'-

152 2385 201 2440 bus
217 2384 326 2437 delatam
343 2384 464 2438 eiusmodi
480 2387 590 2440 arbitror
605 2385 694 2470 quales
712 2385 739 2438 in
757 2385 836 2438 sacris
853 2384 1015 2454 processibus
1031 2384 1074 2436 vel
1088 2385 1115 2437 in
1140 2385 1256 2440 ecclesiis

151 2455 296 2508 adorandas
313 2471 353 2509 mo
370 2453 534 2522 conspexisse
549 2453 659 2508 memini.
694 2455 798 2522 ligneae
816 2459 876 2505 suut
898 2453 958 2506 illae
982 2456 1132 2522 (argenteas
1156 2457 1256 2510 aureis·
1336 2501 1340 2506 .

152 2541 204 2594 que
219 2523 316 2577 laminis
331 2529 462 2576 contectas
479 2525 607 2594 rapacitas
623 2523 735 2577 Tuccica
751 2522 917 2590 eliminavit),
934 2527 962 2575 et
978 2523 1010 2576 ad
1028 2537 1113 2574 earum
1127 2529 1256 2579 extremos
1300 2553 1304 2563 ·

150 2607 237 2646 ramos
252 2593 369 2664 quamvis
394 2594 491 2663 amplos
514 2594 617 2646 latiores
641 2593 724 2646 adhuc
747 2592 899 2645 trifoliorum
923 2591 1023 2660 figurae
1045 2591 1202 2662 prominent,
1227 2591 1255 2644 in

152 2663 245 2733 quibus
270 2679 448 2732 nonnunquam
472 2670 561 2732 pectus
586 2668 613 2716 et
635 2663 717 2715 iacies
742 2668 864 2731 quattuor
886 2661 1099 2730 evangelistarum
1123 2661 1166 2714 vel
1195 2660 1255 2717 binc

150 2732 211 2786 iude
224 2732 345 2803 deiparae
363 2739 389 2786 et
406 2733 434 2784 S.
451 2731 553 2784 loannis
571 2731 710 2785 aliorumve
728 2731 807 2786 variis
820 2729 961 2796 coloribus,
984 2731 1112 2782 delineata
1133 2729 1204 2798 prius
1227 2727 1255 2783 in
1274 2742 1281 2759 ‘

151 2801 236 2854 medio
254 2800 368 2854 crucifixi
393 2801 495 2870 specie,
515 2807 661 2855 exarantur.
697 2801 783 2870 quidni
799 2799 897 2870 pariter
912 2789 1027 2862 oriroeri
1046 2794 1167 2866 σταυρὸς
1183 2795 1255 2869 ἔχων

152 2867 197 2940 (ἐν
212 2875 275 2934 ταῖς
291 2866 412 2938 ἀνοίαις)
429 2871 485 2924 τῶν
502 2865 589 2940 ulpius
612 2866 753 2936 canonicor
777 2866 904 2938 psyilos
926 2867 1075 2938 μαρτύρων
1103 2863 1254 2937 &colossos

152 2957 254 2994 crucem
273 2940 372 3009 qualem
389 2939 430 2995 hic
443 2957 555 2992 memoro
570 2941 689 3011 depictas
704 2941 731 2994 in
747 2939 864 2992 iconibus
881 2953 929 3010 per
945 2941 1026 2992 hocce
1043 2953 1106 3010 opus
1120 2937 1253 2992 conliniet

152 3010 208 3102 einp
224 3009 404 3064 commentaria
420 3008 517 3080 sparsis
533 3017 619 3080 gestat
635 3009 784 3082 patriarcha
802 3008 857 3063 ΟΡ.

220 3113 288 3168 ibid.
312 3109 474 3182 Δημητρίου
497 3111 662 3180 Ποοκοπίοο
685 3109 743 3176 uel
760 3105 938 3179 tirociniorum]
968 3109 1047 3163 duces
1070 3108 1148 3164 araris
1170 3123 1256 3180 quon·

151 3181 209 3234 dam
232 3181 346 3250 insignes
370 3197 495 3234 armorum
521 3184 605 3236 socios
628 3191 655 3235 et
675 3181 703 3235 ln
724 3181 798 3236 bellis
823 3186 984 3249 protectores
1008 3179 1103 3233 Oriens
1119 3178 1256 3234 invocabat

150 3251 324 3316 Demetrium,
345 3249 513 3320 Procopium,
536 3250 723 3320 καλλινίκους,
749 3258 777 3304 et
796 3246 975 3315 Θεοδώροος,
999 3247 1119 3300 Cedreno
1136 3248 1163 3301 iu
1181 3247 1254 3302 Tas-

150 3326 229 3374 misce
252 3319 339 3374 ducem
365 3335 441 3374 unum
465 3327 494 3372 et
518 3321 594 3374 alium
620 3321 727 3375 tironem
753 3320 843 3372 dictos.
878 3318 973 3387 primus
997 3315 1142 3371 Demetrius
1164 3320 1255 3386 φλαμ-

148 3385 297 3458 ποορᾶρης
314 3405 349 3452 ,οο
368 3404 476 3459 praeses
499 3389 649 3444 Thessaliae
674 3392 722 3444 sub
744 3387 900 3442 Maximiano
917 3391 1016 3454 martyr
1032 3387 1097 3439 obiit
1113 3387 1258 3440 Thessalo.

149 3459 238 3522 nicae,
260 3457 306 3510 ubi
329 3475 374 3509 cor
394 3473 423 3509 us
442 3459 497 3512 eius
516 3475 590 3510 sacro
609 3461 711 3529 liquore
728 3457 860 3512 exundans
877 3455 1007 3526 perpetuis
1025 3472 1127 3526 quoque
1144 3455 1255 3510 miracu-

147 3529 231 3582 lorum
248 3527 356 3579 scaturit
366 3475 479 3580 liuentis.
515 3544 531 3581 a
547 3529 701 3600 proiecturis
719 3529 746 3580 in
763 3526 886 3597 praelium
902 3525 1050 3590 invocatur,
1076 3541 1175 3594 suoque
1197 3525 1255 3577 bel·

147 3597 233 3653 lantes
249 3596 354 3647 adiuvat
376 3595 518 3663 praesidio;
542 3613 591 3649 nec
609 3597 636 3649 in
654 3597 756 3650 dubium
773 3601 912 3649 revocatur
929 3594 997 3662 quod
1014 3591 1254 3647 Thessalonicensi-

148 3668 197 3720 bus
215 3664 347 3718 obsidione
363 3665 396 3717 eb
413 3665 533 3718 hlusiano
550 3665 720 3735 Bulgarorum
737 3665 829 3719 cinctis
845 3673 1027 3733 unguentoque
1044 3663 1077 3716 ab
1095 3663 1151 3715 eius
1168 3662 1255 3730 sepul·

149 3753 195 3790 cro
212 3738 345 3788 emanante
360 3735 444 3786 unctis
462 3735 578 3788 contulit.
613 3736 744 3790 Romanae
766 3733 831 3788 aciei
846 3733 897 3786 luit
913 3734 964 3787 dux
981 3740 1082 3800 martyr
1099 3733 1255 3792 Demetrius.

148 3805 187 3862 ait
205 3805 339 3888 {ledrenus
356 3802 383 3855 in
400 3802 528 3858 Michaele
543 3805 726 3888 Paphlagpne,
742 3805 844 3887 iterqpc
856 3801 1043 3886 complanavit,
1061 3800 1129 3884 quod
1147 3799 1254 3883 Bulgari

149 3873 618 4012 tillilffsutlttllllztt’
632 3874 910 4013 qltlttllltgl:
921 3876 1188 4020 :latitudis
1201 3885 1252 3991 ll!

149 4019 214 4067 stes.
248 4013 313 4065 alter
336 4011 477 4081 Procopius
495 4011 582 4065 militis
600 4014 683 4067 clarus
699 4013 752 4066 dux
769 4010 942 4088 Alexandriae
958 4009 1020 4073 suit,
1043 4012 1072 4060 ut
1095 4008 1182 4060 verbus
1205 4007 1251 4061 iis-

148 4081 207 4136 dem
224 4081 386 4150 Synaxarion
406 4081 500 4134 userit
515 4082 574 4135 lulii
590 4086 621 4137 8:
644 4082 751 4152 χαίροις
771 4076 920 4151 μαρτύρων
942 4073 1088 4146 καύχημα,
1115 4073 1251 4148 βασιλέων

147 4152 312 4222 κραταίωμα
331 4150 401 4204 canit
417 4150 473 4205 eius
489 4152 557 4203 festo
574 4152 683 4207 ecclesia
699 4151 812 4206 Graeca.
846 4148 936 4203 tertius
948 4146 996 4200 luit
1006 4145 1158 4198 Theodorus
1166 4162 1249 4212 crpor-

146 4216 285 4290 aspicisne,
299 4222 416 4290 equitum
431 4221 560 4291 magister
578 4221 625 4276 sub
642 4219 756 4287 Licinio,
773 4237 790 4274 a
806 4236 858 4289 quo
876 4223 982 4270 mortem
998 4215 1097 4268 illatam
1114 4215 1249 4269 sustinuitc

147 4288 208 4342 exin
226 4289 396 4342 Romanorum
415 4291 492 4342 armis
510 4291 599 4343 favere
612 4291 699 4361 coepit
716 4309 731 4344 e
749 4289 836 4350 coelo,
863 4303 895 4340 ac
912 4285 1013 4338 loannis
1029 4283 1165 4338 Trimiscis
1182 4291 1250 4336 tem-

146 4373 215 4428 pore
230 4365 316 4414 mutae
335 4359 490 4429 Scytharum
503 4357 530 4413 in
549 4359 666 4416 Graecos
682 4357 860 4431 praeliantium
876 4354 972 4426 stragis
989 4359 1080 4411 auctor
1096 4354 1162 4422 fuit,
1177 4359 1209 4406 ut
1225 4351 1250 4406 ei
