2958 4918
278 313 351 387 138
435 312 645 382 cnunsnru
659 313 715 380 nn
729 309 862 400 comi
877 311 1211 384 communiamus

274 472 351 542 velit.
391 499 479 562 nempe
490 485 517 540 et
530 479 666 555 dominae,
681 479 820 542 ornandam
833 479 960 538 hominem
968 483 1073 558 primm
1082 483 1197 540 enitens
1209 483 1372 542 etnacimnr

273 565 410 640 sacerdos,
430 566 563 642 nonidco‚
580 571 643 646 quio
655 569 771 624 ministri
787 565 905 624 halitum
921 571 947 624 et
964 568 1137 625 ministeriam
1153 567 1232 646 peden
1247 567 1373 626 alinardo

273 655 447 722 monstravit,
464 649 607 711 racndotii
616 651 738 728 confodit
750 651 873 710 ordinem.
900 655 926 708 ct
941 650 984 710 hic
996 653 1084 726 igitar
1096 652 1231 727 εοοαᾶοο,
1253 655 1373 730 quonian

272 735 406 814 inferioris
420 737 561 796 sawdotii
571 738 677 813 gradus
690 740 719 794 in
731 756 761 792 ca
768 739 826 814 ipso
835 737 964 809 eontinet,
985 742 1089 796 enatat
1101 738 1168 816 quin
1177 737 1295 796 ominbus
1310 756 1372 814 qnae

271 823 320 880 aab
331 843 359 881 oe
372 827 433 881 eunt
442 822 560 898 legitime
576 828 672 881 ntctnc.
701 821 770 879 haec
788 818 932 902 praeclare
951 819 1070 900 Oaleca,
1096 823 1173 902 apud
1196 821 1373 901 quamplura

270 907 366 985 leges,
387 927 413 965 si
404 907 499 966 velis
699 939 703 947 ·

356 1007 447 1067 Addit
474 1007 513 1066 ad
539 1012 693 1068 orhemum
725 1004 831 1066 Citrius
861 1005 964 1068 iniuste
998 1007 1090 1069 lacere
1120 1005 1182 1070 illos
1218 1007 1373 1089 pontifices,

272 1094 322 1170 qui
356 1091 572 1152 hieromnemoni
594 1091 753 1150 testimonla
781 1092 817 1149 de
845 1093 904 1150 vita
928 1096 957 1151 et
983 1093 1106 1150 moribus
1133 1111 1230 1151 eorum
1263 1094 1312 1170 qui
1338 1095 1373 1150 ad

271 1199 367 1238 sacros
382 1181 495 1238 ordines
504 1178 650 1255 adspirant
662 1177 836 1235 discutienda
845 1183 875 1237 et
885 1177 1067 1238 examinanda
1079 1179 1212 1238 tradunt:
1238 1177 1294 1238 hoc
1303 1180 1373 1238 euim

273 1267 414 1345 pertinere
429 1267 467 1323 ad
482 1263 604 1324 officium
618 1261 849 1339 chartophylacis.

359 1365 487 1426 Codiuus
506 1364 576 1424 haec
598 1363 654 1421 tria
682 1363 900 1422 hieromnemoni
927 1363 1043 1443 tribuit,
1065 1359 1241 1444 βλέπειν
1204 1387 1259 1438 τας
1287 1357 1373 1444 cripte

274 1445 473 1514 inccdevnoii
493 1442 667 1530 ἀρχιερέως,
687 1448 775 1507 videre
800 1455 880 1526 voto,
908 1448 963 1509 hoc
978 1456 1023 1508 est
1044 1449 1198 1548 suffragio,
1218 1457 1248 1512 in
1269 1451 1373 1508 electio-

273 1537 368 1608 nibus,
392 1555 459 1614 pone
483 1534 640 1592 sacerdotem
672 1553 815 1607 summam,
848 1533 893 1594 vel
920 1555 938 1593 a
967 1540 1050 1612 tergo
1077 1535 1179 1592 summi
1211 1536 1373 1610 sacerdotis,

273 1620 329 1678 hoc
348 1625 393 1678 est
413 1618 599 1698 patriarchae3
620 1617 722 1677 deiude
748 1623 868 1699 κρατεῖν
888 1641 942 1681 τον
959 1614 1198 1700 ἐνθρονιασμόν,
1220 1621 1346 1680 laben
1333 1639 1374 1679 αα

274 1703 422 1764 collocandi
436 1705 543 1763 electum
559 1708 589 1763 in
615 1705 710 1761 throno
731 1723 796 1782 seu,
819 1709 852 1764 ut
873 1704 959 1783 vulgo
982 1705 1139 1782 loquimur,
1158 1705 1373 1774 inthronisandi3

272 1791 357 1849 tertio
375 1795 494 1869 κρατεῖν
507 1787 559 1851 καὶ
576 1783 611 1850 τό
625 1783 786 1852 κονιάκιον
806 1793 860 1870 τῆς
880 1790 1082 1869 χειροτονίας,
1102 1789 1206 1849 habere
1228 1791 1315 1849 etiam
1333 1791 1373 1847 ius

271 1875 432 1953 aopicandr'
444 1894 490 1934 oen
502 1873 615 1934 canendi
630 1878 777 1944 corotoointn
794 1877 824 1934 in
837 1874 1000 1936 ordinatione
1016 1880 1123 1934 contari
1143 1883 1302 1934 consuetam.
1337 1875 1374 1951 ita

271 1961 385 2036 quidem
407 1960 522 2037 Iunius,
542 1959 603 2036 cui,
625 1960 703 2033 quod
722 1955 883 2022 noviduno
902 1963 1036 2018 cotoneum
1056 1960 1259 2039 iuterpretatur
1282 1966 1312 2019 et
1332 1961 1373 2019 hic

271 2047 320 2104 fot
336 2047 375 2106 10
389 2051 420 2103 et
430 2044 478 2103 fol.
495 2043 574 2121 114,
594 2044 723 2101 assentiri
738 2063 853 2122 prorsus
874 2063 932 2102 non
946 2063 1069 2122 possum.
1090 2049 1223 2107 canticum
1238 2047 1315 2104 enhn
1326 2065 1372 2122 ge-

271 2129 367 2189 nerale
386 2136 446 2188 est:
469 2129 602 2203 quicquid
626 2129 700 2188 enim
718 2130 779 2188 caui
801 2135 914 2206 potest,
939 2131 970 2188 id
991 2131 1089 2206 utique
1108 2137 1184 2190 recte
1203 2131 1259 2190 dici
1281 2137 1373 2210 potest

271 2219 414 2274 canticum.
455 2220 486 2274 at
501 2207 715 2274 novroincooest
736 2213 874 2291 peculiare
895 2217 1039 2289 quoddam
1058 2235 1165 2293 genus,
1186 2221 1219 2274 ut
1240 2223 1323 2295 patet
1341 2235 1372 2274 er

274 2301 446 2359 Graecorum
458 2298 536 2358 liluis
550 2297 711 2376 stantibus,
729 2300 802 2358 sicut
821 2305 851 2358 et
872 2302 949 2378 apud
968 2302 1083 2360 eosdem
1104 2301 1220 2402 οἷρμοί,
1245 2305 1372 2380 trapiacio,

272 2406 403 2460 canonae,
426 2385 506 2458 odae,
530 2378 832 2463 11ιοο1οοίο,σαχηρο1,
857 2386 1045 2463 καθίσματα,
1064 2381 1234 2466 προσόμοια
1254 2393 1308 2448 etc.
1326 2405 1373 2465 pe-

272 2471 385 2530 euharia
399 2471 537 2548 quaedam
555 2476 623 2531 sunt
639 2429 815 2531 ecclesiastici
832 2469 907 2531 ritus
916 2469 1118 2544 modulamina3
1140 2473 1372 2547 quemadmodum

272 2559 358 2616 etiam
372 2557 449 2635 apud
463 2554 580 2614 Latinos
598 2575 702 2631 versus,
724 2555 865 2626 versiculi,
892 2555 1070 2632 antiphonae,
1090 2557 1238 2632 graticula
1262 2563 1373 2656 tractae,

271 2646 408 2720 sequentia
424 2645 453 2698 et
467 2641 569 2699 similia
578 2640 682 2698 tamin
693 2640 787 2698 divino
800 2640 901 2702 missae
915 2641 1048 2701 sacrificio
1065 2660 1153 2717 quarn
1163 2643 1272 2700 extra
1264 2660 1295 2701 m
1311 2660 1373 2721 pre-

273 2729 352 2788 cibus
371 2725 561 2784 ecclesiasticis
583 2724 694 2783 usitata
723 2743 810 2802 quare
824 2743 875 2806 per
892 2726 1033 2806 generalia
1047 2726 1184 2787 vocabula
1199 2728 1302 2787 idonee
1316 2744 1372 2786 nou
1397 2765 1400 2770 -

259 2814 473 2894 exprimuntur.

358 2931 490 2988 Secundo
505 2929 684 2989 vehementer
703 2929 803 2990 dubito
819 2948 888 2992 num
904 2925 1081 3032 {itinew'
1045 2922 1134 3009 εοχάς
1150 2930 1189 2989 sit
1207 2929 1278 2989 illud
1296 2929 1371 3006 quod

273 3015 335 3074 vult
354 3015 466 3074 Iunius:
476 3033 554 3072 nam
574 3009 662 3094 εὐχάς
682 3035 735 3092 pto
755 3015 899 3093 suffragiis
914 3018 1002 3094 accipi
1025 3019 1103 3095 apud
1125 3016 1269 3094 Graecos,
1290 3016 1372 3074 etiam

165 3168 171 3177 ,
272 3100 456 3176 nocentiores,
476 3101 570 3160 nescio
590 3120 658 3159 nura
670 3101 800 3186 exemplo
815 3101 909 3179 aliquo
927 3103 1111 3160 demonstrari
1124 3113 1229 3202 queat.
1271 3099 1372 3159 Latine

273 3187 387 3262 quidem
399 3186 484 3262 vulgo
497 3185 645 3263 accipiuurs
660 3193 724 3246 octo
737 3207 790 3284 pro
808 3186 965 3264 mffcugiie:
985 3187 1038 3246 sed
1057 3188 1150 3246 nescio
1173 3207 1241 3246 num
1257 3185 1370 3246 Graecis

272 3273 342 3330 haec
358 3272 436 3330 notio
453 3276 567 3355 recepta
585 3272 639 3346 sit;
660 3277 736 3330 certe
755 3271 802 3330 vix
822 3273 915 3330 credo.
937 3278 967 3331 et
990 3272 1060 3372 quid
1082 3274 1198 3332 nudem
1220 3273 1291 3331 illud
1318 3276 1371 3346 est,

268 3378 336 3442 ponc
354 3343 512 3416 sacerdtem
529 3363 594 3416 uota
609 3377 655 3415 eeu
673 3356 810 3434 suffragio
822 3358 969 3435 inspicere?
989 3361 1043 3416 uisi
1035 3359 1133 3415 istud
1147 3354 1276 3419 ὄπισθεν
1291 3377 1370 3414 usur-

271 3447 355 3521 petur
369 3462 423 3519 pro
433 3447 510 3540 poet,
529 3447 562 3499 ut
575 3461 674 3500 sensus
688 3443 743 3540 sit,
755 3447 829 3520 post
842 3438 1020 3521 pontificem'
1013 3443 1113 3520 inspici
1104 3443 1278 3521 suffragia,
1301 3459 1370 3518 quae

272 3528 388 3586 Graecis
406 3527 458 3586 et
451 3527 506 3604 ipsi
530 3527 641 3587 Codino
663 3528 767 3632 passim
784 3530 904 3630 ψῆφοι,
931 3527 967 3586 ab
986 3529 1218 3588 hieromnemone
1246 3547 1299 3586 uec
1321 3545 1369 3604 per

272 3607 363 3692 εὐχάς
373 3611 490 3690 intelligi
504 3611 670 3672 albitror
637 3635 690 3684 τας
701 3606 852 3691 ἕγγραφοῖς
863 3616 925 3672 τῶν
939 3607 1114 3692 μαρτύρων,
1129 3614 1248 3691 scriptas
1259 3613 1369 3670 testium

254 3694 462 3777 'depositiones
479 3698 516 3754 de
535 3698 594 3762 vita
618 3703 648 3755 et
665 3697 788 3754 moribus
809 3697 1041 3774 ordinandorum,
1066 3716 1184 3772 quarum
1204 3717 1320 3757 examen
1331 3696 1369 3753 ait

271 3785 378 3843 Citrius
403 3783 581 3842 commissum
604 3800 638 3840 ex
656 3782 794 3885 imperitia
813 3780 969 3856 aliquorum
992 3784 1218 3842 hieromnemoui.
1259 3785 1289 3841 iu
1310 3800 1368 3840 eam

210 3933 212 3937 ,
270 3871 358 3948 igitur
370 3868 539 3927 senteutiam
551 3867 667 3926 inclino
689 3860 778 3944 εὐχάς
791 3867 946 3943 significare
965 3870 1042 3946 apud
1058 3869 1199 3926 Codinum
1211 3887 1308 3946 preces
1321 3885 1367 3924 seu

271 3955 461 4034 precationes,
481 3971 601 4030 eumque
614 3951 682 4009 nihil
695 3950 770 4009 aliud
787 3951 858 4009 velle
874 3970 959 4028 quam
970 3953 1224 4013 hieromnemonem
1237 3959 1367 4028 tauquam

271 4041 420 4099 diaconum
431 4037 583 4116 pontifici
575 4057 605 4095 ιιι
624 4036 737 4112 liturgia
751 4054 845 4094 sacras
864 4055 960 4113 preces
979 4039 1114 4096 recitandi
1134 4057 1209 4116 pone
1229 4039 1366 4111 assistere,

273 4144 308 4184 eo
323 4125 408 4182 modo
422 4142 479 4198 quo
494 4123 579 4182 etiam
594 4123 671 4200 apud
684 4140 738 4180 nos
753 4120 862 4178 diaconi
874 4122 1010 4182 adsistere
1030 4124 1247 4182 sacrificantibus
1261 4129 1291 4182 et
1305 4140 1366 4202 pre-

272 4229 319 4270 ces
334 4227 405 4286 qnas
414 4209 534 4268 rodant
547 4208 672 4287 aspicere
683 4211 713 4266 et
724 4205 791 4266 folia
804 4206 903 4265 itidem
918 4213 1027 4267 vertere
1035 4208 1136 4269 solent.

268 4343 271 4348 '
341 4331 459 4405 pini.
476 4331 538 4398 Qua
549 4329 581 4384 de
598 4345 673 4383 causa
683 4323 850 4384 conneidinn
860 4329 910 4400 eric
920 4323 1064 4400 ἐκκλησίας
1074 4345 1154 4402 penes
1164 4333 1282 4398 saturet,
1291 4325 1366 4401 patri·
