2958 4918
378 295 380 298 ’
449 313 843 392 renouauerat
1012 284 1016 304 ’
1123 293 1233 392 sar

92 473 1060 622 ...resistitisnepraeeminente.
1081 475 1130 618 e.
1144 478 1203 620 n:

92 623 194 691 χιερεῖς
211 619 254 675 Μ.
266 619 310 688 qui
321 617 409 674 addite
439 635 483 674 ass
499 612 532 672 db
549 613 660 688 visiano
675 618 725 688 τῆς
737 567 871 685 devrbpae
886 614 1059 681 sinedoci.
1088 619 1203 675 ‘Ioannes

92 688 159 742 citri
176 688 319 773 episeopus
330 687 357 740 in
378 687 460 771 btesp.
471 686 535 774 iupis
547 688 600 740 GR
621 687 639 743 1.
655 686 689 741 52
713 688 864 772 spopbsroc
881 684 1045 775 plvros'soai
1060 686 1204 776 praegnab-

91 760 178 818 ianoe
199 775 219 826 η
238 756 337 825 αποδη
358 771 457 819 vassos
487 751 549 810 as!
573 751 681 809 ἐκείνου
697 773 737 827 σῳ
754 773 1040 830 οπομκημασογραφφ
1056 775 1166 812 assason
1182 753 1204 829 ἡ

92 822 204 888 ἔκθεσις
219 822 272 880 καὶ
288 820 325 880 ἄν
346 840 445 895 penam
460 826 517 880 sris
540 825 593 880 soi
613 827 860 894 χαρτοφολακικοῦ
880 822 1014 894 σεκρὲτον
1035 819 1205 896 ὑπομνημα-

90 895 204 963 τισμῶν.
243 911 278 948 ex
293 911 345 964 quo
363 893 420 948 eius
439 911 530 948 munus
549 893 758 966 chartophylacis
778 894 866 949 officia
883 894 988 951 videtvr
1004 895 1166 955 animaru
1177 904 1206 954 et

93 962 536 1036 operasetinrnhaberoooaaexas.
721 1021 724 1024 ,
1105 1002 1119 1040 ¹.

176 1067 272 1128 Porro
293 1057 414 1130 Ioannes
436 1069 543 1128 Citrius
565 1069 596 1128 iu
616 1069 677 1129 suis
704 1068 849 1148 responsis
880 1067 937 1130 aiio
960 1067 1060 1130 ordine
1086 1067 1206 1132 collocat
1297 1096 1300 1104 ·

95 1161 125 1214 et
154 1160 305 1214 enumerat
342 1153 394 1212 has
429 1154 630 1214 ecclesiasticas
664 1155 826 1233 dignitates.
874 1173 940 1214 nam
974 1160 1042 1234 post
1073 1161 1205 1215 euocata-

94 1238 188 1300 coelos
219 1240 314 1320 primo
339 1238 402 1298 loco
428 1242 511 1318 ponit
530 1241 773 1321 protonotarium,
789 1242 915 1300 seeundo
929 1230 1206 1322 ὖπομνηματογρσὶ-

96 1347 174 1404 pos,
196 1326 284 1383 tertio
297 1324 491 1404 logothetam,
512 1331 615 1403 quarto
630 1326 824 1402 cerevisiam,
844 1326 945 1402 quinto
968 1325 1206 1403 hieromnemoua,

98 1412 146 1485 qui
158 1412 239 1488 apud
254 1410 397 1469 cornum
409 1411 515 1489 primus
529 1411 617 1470 estin
631 1413 755 1490 pentade
767 1411 870 1492 tertia,
883 1415 965 1475 sexte
977 1411 1206 1492 referendarium,

97 1495 187 1574 quiin
201 1495 330 1580 pentade
341 1497 465 1558 snunda
481 1502 614 1575 quartum
625 1496 719 1557 locam
732 1500 820 1557 tenet

548 1725 759 1743 ffl-

409 1921 893 2002 CAPUTVIJ.

184 2176 213 2233 p.
229 2152 294 2220 5v.
310 2155 338 2218 1.
371 2103 508 2214 Tertiae
521 2155 653 2234 pentadis
666 2155 771 2236 primas
789 2160 870 2215 tenet
891 2151 912 2218 d
931 2145 1139 2239 ἱερομνήμων,
1160 2103 1210 2228 brui

101 2242 249 2307 Bonefidio
262 2265 397 2308 rammam
409 2245 567 2307 menonislis
579 2250 609 2304 et
623 2265 680 2332 unp
693 2244 780 2305 verbo
793 2247 975 2323 semiannos,
990 2243 1072 2303 Iunio
1086 2243 1209 2301 deterius

102 2350 235 2391 summurn
250 2332 366 2410 praesul.
384 2352 439 2410 ego
454 2330 593 2389 Graecum
604 2331 783 2391 renuendum
797 2348 917 2412 censeo,
938 2331 1052 2407 quando
1065 2327 1143 2388 nulla
1155 2345 1210 2388 vox

105 2411 207 2477 Latina
220 2417 293 2476 satis
305 2423 377 2496 apta
386 2416 522 2498 suppetit.

38 2527 41 2536 '
169 2531 237 2616 ibid⁵
276 2531 404 2586 villatism
423 2545 528 2616 furspss
566 2524 583 2616 s}
609 2523 786 2616 [κρομννξμον
807 2525 922 2615 κρατῶν
941 2519 974 2581 bs
995 2526 1037 2610 τῇΙ
1055 2519 1214 2593 παραδόσει

105 2597 312 2684 (φνλακρμ)
347 2596 516 2685 vbevvnsvv
541 2598 648 2682 vordpsaa
673 2600 724 2722 bw
747 2615 906 2684 ,κρατακιρν
925 2597 975 2665 Μ)
1001 2613 1051 2680 τηρ
1069 2589 1214 2664 ἐκκλησίας

107 2667 308 2737 pretiosam
322 2685 402 2739 παρα
419 2670 625 2737 τωνκληρικων
640 2685 678 2722 κα
706 2685 759 2722 τον
771 2685 849 2736 appas
868 2660 949 2730 εωςέ
970 2665 1131 2737 pariamus.
1161 2659 1213 2717 nal

106 2733 133 2788 sl
145 2732 197 2804 pis
214 2733 268 2794 aba
288 2734 361 2793 basis
376 2733 541 2805 ἐπίσκοπος,
563 2738 669 2806 μᾶλλον
681 2729 827 2806 ἔγκαινίζει
843 2685 907 2790 bani
926 2751 943 2788 σ
1005 2730 1085 2788 νέαν.
1119 2748 1212 2800 σφρα-

107 2803 172 2872 pltat
186 2802 219 2861 di
236 2803 287 2861 nal
304 2803 492 2876 ἀναγνώστας.
527 2807 596 2860 huno
613 2807 710 2860 Graeci
725 2806 816 2859 volunt
834 2822 905 2859 asso·
926 2804 1058 2886 ‘arcanuia²
1076 2818 1133 2855 arur
1149 2802 1212 2855 sub-

108 2875 203 2929 serviat
213 2876 346 2948 pontifici,
358 2878 400 2930 cui
410 2875 511 2930 diaconi
522 2893 554 2929 ex
566 2875 652 2930 officio
663 2875 759 2929 debent
768 2873 923 2932 ministrare.
955 2871 1016 2928 vide
1027 2871 1136 2927 citrium
1148 2876 1211 2943 apte
1305 2858 1311 2880 ’

108 2948 135 2996 et
145 2946 247 2999 audite
255 2945 289 2999 de
298 2946 348 3000 hoo
359 2946 526 3000 disserentem
536 2945 592 2999 loov
603 2945 731 3018 superiori
740 2952 804 2998 nota
813 2943 904 3000 citato.

190 3049 238 3112 De
266 3052 326 3110 cius
349 3051 441 3112 officio
466 3049 535 3110 haec
562 3051 677 3111 Citrius.
719 3050 930 3110 bisrornnemonis
948 3048 1069 3130 officinm
1092 3046 1131 3107 ad
1149 3045 1211 3106 dia·
1254 3113 1263 3131 ρ

110 3153 200 3194 conans
227 3141 375 3197 amassario
396 3139 520 3217 pertinet.
560 3156 623 3196 naas
654 3137 699 3197 bic
719 3136 800 3196 amul
822 3153 882 3196 cvm
912 3137 1052 3194 contristo
1083 3134 1212 3192 subservit

109 3219 239 3282 induendo
249 3226 335 3282 saeris
352 3224 468 3282 vestibit
485 3224 669 3302 monstratura
682 3223 814 3301 pontifin'.
855 3224 883 3280 si
896 3219 1161 3279 verobierovvaemon
1174 3220 1212 3277 sit

111 3305 247 3382 sacerdos,
265 3307 321 3367 solo
331 3307 666 3388 nomineiepopnoppovei:
679 3327 761 3386 nepae
774 3309 842 3365 enirn
856 3309 883 3365 ei
895 3305 957 3364 licet
970 3303 1004 3367 lv
1019 3308 1086 3376 ταῖς
1098 3301 1210 3382 v‘nnps-
1224 3307 1247 3361 P
1266 3309 1316 3364 16⁵

113 3391 189 3464 viare
202 3395 265 3455 sois
282 3386 495 3473 ἀρχιερατικῶν
512 3385 714 3468 πολισμάτων
730 3385 875 3453 διακόνου
889 3384 974 3464 τάξιν
984 3393 1096 3471 τηρεῖν.
1135 3389 1213 3448 vide—

112 3479 158 3531 tur
173 3478 265 3536 dicere
278 3478 505 3536 hieromnemona
523 3479 657 3557 pontifice
671 3477 758 3535 sacris
772 3480 909 3554 operante
922 3493 981 3534 non
999 3492 1085 3553 posse
1105 3473 1214 3533 diaconi

113 3560 203 3620 officio
218 3563 315 3642 iungi,
336 3563 361 3621 si
375 3563 413 3621 sit
426 3563 574 3641 sacerdos,
595 3569 625 3621 ct
638 3563 679 3621 sie
691 3561 753 3620 solo
766 3562 879 3620 nomine
899 3559 1125 3620 hieromnemona
1144 3575 1215 3616 csse.

115 3648 190 3718 quod
204 3649 310 3708 Citrius
328 3648 424 3707 hausit
438 3665 473 3706 er
486 3649 672 3708 recentiorum
686 3647 857 3706 Graecorum
870 3644 1028 3723 erroribus,
1050 3644 1098 3720 qui
1119 3661 1215 3722 repre-

114 3728 240 3793 hendunt
253 3731 371 3792 [afinos
388 3735 465 3808 quod
484 3734 514 3790 in
529 3753 625 3792 corana
643 3732 758 3792 ccclesia
771 3734 932 3791 sacerdotes
954 3749 1039 3808 saepe
1061 3731 1217 3805 fungantur

115 3833 226 3878 munere
240 3811 376 3902 disponi,¹
386 3818 455 3875 dum
472 3824 680 3877 sacrosanctum
702 3817 803 3876 missae
823 3816 986 3876 sacrificium
1000 3815 1125 3874 offertur.
1166 3815 1218 3872 irn-

114 3903 190 3976 probe
199 3903 332 3984 profecto,
350 3903 444 3978 inquit
459 3903 573 3962 Manuel
596 3904 698 3963 Caleca
717 3909 817 3962 contra
838 3902 962 3961 Graecos
976 3898 997 3964 4
1010 3901 1067 3960 21:
1089 3901 1218 3974 morant

116 3988 197 4061 enias,
216 3993 281 4068 quia
296 3992 322 4049 is
341 3989 446 4067 praesa
463 3992 511 4066 qvi
527 3983 597 4069 puori
619 3992 707 4048 maias
723 3994 762 4047 est
777 3988 872 4062 babet,
896 3991 976 4047 etiarn
991 3983 1061 4064 qaod
1075 3987 1164 4042 minsis
1179 3989 1220 4042 est

117 4071 226 4132 eiusdem
237 4076 339 4153 gereris
352 4072 430 4132 babet
438 4079 597 4150 necesaria,
617 4091 669 4134 non
679 4079 769 4133 autern
781 4091 935 4132 econverso.
968 4071 1042 4129 borao
1055 4071 1122 4126 enirn
1132 4072 1218 4128 ratio-

117 4155 200 4216 nalem
212 4159 308 4219 babens
318 4161 435 4218 animam
444 4159 589 4218 sensibilem
600 4179 699 4238 qvoqve
708 4165 734 4217 et
743 4158 915 4234 vegetabilem
923 4155 971 4214 svb
982 4175 1013 4214 ea
1023 4154 1115 4212 babet:
1136 4172 1219 4230 nepes

119 4243 217 4320 lamen,
239 4265 307 4325 puae
319 4243 464 4320 vegetabili
475 4247 564 4304 anima
585 4251 713 4318 alantur,
735 4243 854 4302 sensibili
865 4245 946 4300 eliam
966 4247 992 4299 et
1007 4235 1139 4298 rationali
1146 4241 1218 4314 poli·

119 4332 207 4392 vatur.
247 4335 328 4411 atqve
346 4329 438 4390 itidem
461 4331 491 4389 in
513 4329 595 4408 aliis,
618 4334 674 4391 rive
697 4330 813 4389 baanna
831 4330 887 4388 sive
903 4325 1000 4388 divolsa
1015 4326 1144 4404 inspicere
1158 4321 1220 4398 pois
1293 4359 1297 4364 -
