3050 4924
462 333 520 402 DE
546 333 725 402 ouululls
751 335 810 404 GP.
835 333 921 406 GAP.
946 337 990 404 V.
1224 340 1273 409 31

176 507 290 576 ἑαυτοῦ
317 513 426 574 sericos
452 505 543 588 ὄντα,
572 517 778 597 προσενεγκεῖν
799 515 844 597 τῷ
862 515 992 591 βασιλεῖ.
1043 507 1153 576 codron
1174 511 1275 578 τοένσν

102 676 108 686 ,
176 612 275 698 δήλου
296 608 453 698 γεγονότος
473 610 526 678 τόν
543 611 599 694 μέν
614 613 743 695 βασιλέα
757 610 866 692 sai-9755,
887 611 929 690 ὡς
942 610 1017 697 εἶχε,
1035 621 1204 697 καταβῆναι
1220 619 1275 679 τοῦ

161 719 273 781 ἰέππου
281 764 291 795 ,
316 717 368 780 καὶ
386 717 491 782 δοῦναι
504 721 618 780 τοῦτον
634 721 674 804 τῇ
689 718 861 802 κεκτημένῃ.
912 719 974 780 ἐπεὶ
991 715 1024 781 d'
1043 717 1099 782 adn
1113 709 1191 802 ἦσαν
1205 715 1274 784 τότε

172 822 266 886 ’ἵπποι
285 821 438 901 βασιλικοὶ
458 816 636 906 συρόμενοι,
662 819 775 904 ἐγένετο
792 821 826 882 δὲ
840 815 856 884 ὃ
871 819 1016 900 βασιλεὺς
1031 820 1062 884 έν
1075 823 1165 912 χρείη
1179 823 1292 888 ἵππον·

147 925 230 990 ὁκαὶ
256 923 504 1003 ἓκυβαλλέκευσεν
527 923 622 986 ἰ’ππον
639 921 693 988 τὸν
712 918 858 1006 τυχόντα,
890 919 1006 1006 ἐτάχθη
1028 919 1048 1005 ἡ
1070 929 1131 988 τῶν
1153 930 1314 1012 avortivo

173 1023 399 1108 ἀκολούθησις,
431 1021 473 1102 ὥς
496 1022 553 1105 du,
585 1024 618 1090 εἷ’
633 1051 663 1090 τι
687 1025 881 1110 συμβεβηκὸς
902 1023 1006 1106 τόχοι,
1033 1025 1136 1109 εἴησαν
1158 1028 1274 1110 ἕτοιμοι

169 1133 263 1196 ἵπποι
277 1131 430 1211 βασιλικοὶ
445 1128 521 1226 πρός
533 1126 568 1194 τό
583 1123 825 1217 ἀφιππάσασθαι
839 1128 891 1194 τὸν
904 1127 1044 1212 βασιλέα.

276 1261 325 1328 ‘H
339 1265 441 1348 μέντοι
462 1261 570 1348 σπάθη
591 1272 646 1331 τοῦ
666 1267 817 1348 βασιλέως
833 1265 880 1330 ἀεὶ
896 1267 938 1342 εἷς
950 1265 984 1332 τὸ
1001 1264 1178 1354 ῥουχαρεῖον
1191 1260 1273 1350 εὗρέ-

174 1395 304 1446 σκεται,
321 1367 361 1431 τά
382 1368 415 1432 δέ
435 1363 618 1452 ιλποδήματα
634 1373 676 1446 εἰς
690 1368 725 1436 τό
740 1367 923 1456 βεστιάριον.
972 1367 1036 1435 ἔστι
1054 1369 1087 1433 oe*
1103 1369 1153 1432 aui
1170 1365 1271 1452 ἕτερον

129 1470 257 1548 rosida
286 1467 505 1554 ὑποδημάτων,
540 1469 563 1535 ά
588 1477 751 1538 καλοῦνται
775 1475 915 1558 τζαγγέα,
948 1471 1054 1556 ἔχοντα
1080 1473 1113 1537 ἔκ
1137 1472 1271 1555 πλαγίων

170 1559 254 1642 κατὰ
277 1573 333 1650 τὰς
354 1571 470 1657 κνήμας
484 1575 535 1638 καὶ
549 1575 596 1638 dni
611 1581 673 1641 τῶν
687 1583 808 1662 ταρσῶν
822 1576 928 1652 ἀετοὺς
944 1574 996 1640 διὰ
1010 1578 1109 1644 λίθων
1124 1577 1173 1638 καὶ
1186 1599 1270 1660 uuo-

172 1678 296 1765 γάρων,
323 1673 410 1742 ἅτινα
434 1680 485 1742 καλ
500 1687 603 1765 quasi
619 1675 635 1742 ὃ
654 1680 800 1762 βασιλεὺς
824 1679 865 1756 εἴς
884 1704 916 1744 τε
936 1677 1008 1755 τοάς
1022 1677 1206 1766 περιπάτους
1221 1679 1271 1740 καὶ

171 1783 231 1858 τὰς
246 1777 423 1866 προκόψας.
473 1783 524 1846 καὶ
540 1779 556 1845 ὃ
573 1789 670 1848 ταῦτα
686 1789 781 1848 ποιῶν
796 1778 1041 1868 οὗτζαγγάριος,
1067 1779 1150 1858 ὡςοὶ
1165 1783 1271 1866 ἕτεροι,
1342 1817 1347 1822 -

172 1882 254 1949 άλλά
268 1882 400 1968 τζαγγάς
415 1881 601 1965 ὀνομάζεται.
654 1881 780 1968 ὁπηνίκα
796 1883 984 1972 γοῦνδεήσει
998 1885 1052 1951 τὸν
1066 1885 1196 1968 βασιλέα
1213 1909 1269 1948 κοι-
1285 1890 1310 1944 1)

33 2057 38 2075 ⁸
125 1997 165 2053 15
171 1992 372 2072 βαλλικεῦσαι
379 2034 389 2065 ,
425 1988 511 2074 φέρει
533 1987 572 2052 τά
594 1984 778 2072 ὑποδήματα
800 1985 1006 2054 παιὸόπουλον
1025 1995 1081 2054 τοῦ
1097 1989 1273 2072 βεστιαρέοο

172 2089 275 2169 ἐκτός,
302 2087 381 2155 οὕτω
402 2097 509 2166 κὀινῶς
521 2090 743 2176 ὀνομαζομένου
757 2093 989 2178 άλλαξιμαρῖου.
1039 2088 1274 2172 ἓτοιμασθέντος
1306 2097 1308 2102 ’

172 2187 229 2259 σάν
242 2195 294 2258 καλ
307 2191 600 2274 καβαλλικεόσοιντος
615 2201 670 2260 τοῦ
682 2197 848 2277 βασιλέως,
870 2195 899 2261 οἱ
916 2195 1115 2280 άνακαρισταὶ
1129 2190 1274 2281 κροόοασι

112 2349 120 2370 .
170 2296 214 2366 τά
229 2293 386 2384 άνάκαρα,
410 2299 588 2388 σαλπέζοοσι
602 2298 699 2362 δὲκαὶ
713 2299 742 2362 οἶ
755 2301 936 2382 σαλπιγκταὶ
949 2293 1060 2380 ὁμοίως
1072 2299 1122 2361 καὶ
1135 2297 1163 2360 οἲ
1175 2303 1274 2378 βουκ-

171 2397 326 2486 ιιινάτορες
353 2398 398 2462 δι’
425 2397 563 2485 ὀργάνων
582 2399 732 2487 άργυριῦν.
784 2402 817 2466 αἱ
841 2402 943 2483 μέντοι
966 2399 1045 2464 κατὰ
1060 2400 1116 2484 τὴν
1130 2396 1273 2482 τοιαύτην

122 2502 339 2589 minneretur
353 2505 550 2582 σαλπίζοοσαι
566 2499 727 2590 σάλπιγγες
742 2503 778 2567 οὔ
794 2504 872 2568 κατὰ
887 2503 943 2580 τὰς
959 2501 1054 2579 άλλας
1070 2505 1126 2568 εἶσὶ
1143 2501 1273 2585 σάλπιγ-

170 2634 247 2695 γας,
261 2605 340 2696 ,ἀλλ’
358 2603 459 2694 ἕτερόν
474 2631 503 2670 τι
515 2610 630 2690 σχῆμα.
682 2609 774 2689 δηλοῖ
790 2607 823 2672 oe·
841 2609 893 2673 καὶ
906 2603 926 2691 ἢ
942 2612 1003 2672 τῶν
1019 2603 1164 2672 τοιούτων
1178 2601 1272 2692 ὀργά-

243 2856 258 2910 1
275 2856 462 2924 προσαγαγεῖν
478 2853 524 2910 AB
628 2853 662 2910 1³
678 2848 736 2921 dc]
752 2846 811 2922 ἧος
828 2849 942 2918 mutetis
958 2848 998 2917 oie
1014 2854 1037 2908 Ρ

170 3075 265 3149 puisse
281 3081 309 3130 et
323 3083 353 3130 ut
369 3092 459 3142 suurn,
475 3075 628 3146 inperatori
642 3093 734 3130 manus
749 3075 885 3130 obtulisse.
919 3074 1115 3145 imperatorem,
1133 3091 1190 3128 cunr
1205 3073 1270 3128 haec

172 3145 356 3217 comperisset,
376 3145 463 3200 statim
481 3145 509 3197 in
525 3145 639 3214 vestigio
657 3146 824 3198 descendisse
841 3147 875 3198 de
894 3162 976 3213 equo,
994 3163 1105 3214 eumque
1121 3146 1227 3198 dedisse
1243 3145 1270 3198 ei

171 3216 247 3270 cuins
271 3222 338 3268 erat.
374 3232 431 3268 cum
455 3222 541 3280 autem
563 3223 626 3268 tunc
648 3231 710 3267 usus
728 3232 854 3284 equorum
871 3213 915 3283 qui
933 3232 957 3265 nr
975 3233 1009 3268 nu
1028 3216 1186 3268 ducerentur
1203 3233 1270 3267 non-

170 3287 232 3340 dum
256 3284 419 3358 introductus
442 3291 526 3348 esset,
554 3292 582 3337 et
603 3283 746 3352 imperator
769 3301 836 3352 equo
860 3233 984 3352 indigetis
1004 3283 1108 3336 obvium
1127 3284 1272 3352 equitasset

170 3371 279 3422 equum,
303 3355 435 3406 decretum
452 3351 536 3404 fuisse
553 3361 583 3405 ut
600 3370 656 3405 eum
676 3352 862 3404 comitarentur
879 3351 940 3420 equi
958 3352 1104 3406 sessoribus
1122 3354 1216 3421 vacui,
1242 3363 1272 3407 at

161 3425 195 3476 ,εἰ
215 3421 273 3492 quis
292 3440 367 3476 casus
385 3421 524 3488 existeret,
550 3421 638 3492 parati
657 3427 829 3491 suppeterent
847 3421 909 3492 equi
925 3421 1103 3492 imperatorii,
1124 3425 1169 3494 qui
1186 3423 1270 3494 inpe-

169 3501 284 3566 ratororn
301 3509 381 3562 equos
400 3497 539 3542 mutantem
555 3492 717 3560 exciperent.
960 3513 964 3518 ·

240 3595 343 3665 spatha
365 3610 412 3648 seu
435 3591 506 3646 ensis
528 3591 694 3664 imperatoris
715 3607 820 3660 semper
843 3597 883 3646 est
899 3591 927 3645 in
943 3591 1081 3663 racherio,
1107 3593 1189 3648 calcei
1206 3612 1271 3648 vero

168 3664 197 3718 in
221 3665 359 3718 vestiario.
395 3668 435 3715 est
462 3668 489 3714 et
511 3661 563 3716 alia
586 3661 688 3730 species
712 3660 874 3728 calceorum,
898 3661 943 3730 qui
967 3663 1133 3716 nominantur
1155 3665 1270 3731 tzengia.

169 3729 349 3802 insigniuntur
366 3749 382 3784 a
399 3731 526 3784 luteribus
548 3731 690 3784 secundum
712 3729 793 3782 tibias
811 3730 881 3782 etin
900 3730 1043 3800 calcaneis,
1069 3732 1163 3800 aquilis
1183 3750 1215 3784 ex
1231 3733 1271 3786 la-

167 3803 241 3875 pillis
265 3809 293 3856 et
314 3801 477 3870 margaritis,
510 3817 576 3870 quos
602 3799 679 3852 etiarn
705 3798 789 3852 induit
812 3799 954 3867 imperator
978 3802 1012 3854 ad
1037 3801 1223 3870 processiones·
1245 3808 1273 3856 et

169 3873 370 3926 ostentationes.
405 3877 433 3921 et
455 3870 501 3938 qui
524 3870 571 3922 hos
594 3869 696 3922 calceos
714 3867 792 3935 iacit,
817 3886 869 3922 non
887 3869 1036 3938 tzangarius
1053 3870 1111 3923 sive
1128 3879 1216 3938 sutor,
1243 3879 1273 3924 ut

168 3941 268 4010 ceteri,
293 3940 342 3994 sed
358 3948 467 4006 tzangas
486 3955 534 3991 seu
552 3947 659 3991 trancas
676 3937 831 4008 appellatur.
867 3939 1073 4007 quandocunque
1090 3939 1171 4006 igitur
1188 3939 1272 4060 inqve-

166 4019 284 4064 retorem
301 4008 421 4080 equitare
440 4015 560 4076 oportet,
578 4007 680 4062 calceos
697 4007 784 4060 adfert
800 4023 867 4074 puer
885 4024 917 4060 ex
934 4007 1076 4076 vestiario,
1102 4008 1172 4075 quod
1190 4025 1224 4061 vu
1234 4026 1268 4078 go
1301 4043 1309 4062 .

165 4087 265 4134 vocant
290 4077 485 4132 altanimarium.
521 4084 614 4145 parato
640 4077 690 4129 iam
716 4081 744 4128 ct
765 4076 900 4146 equitante
922 4076 1080 4145 imperatore
1098 4077 1267 4144 cymbalistae

166 4148 289 4217 cymbala
309 4148 431 4218 pulsant,
457 4145 588 4198 tubicines
605 4145 676 4199 tubis
694 4150 721 4198 et
737 4143 919 4198 buccinatores
935 4145 1052 4197 buccinis
1070 4148 1201 4212 argenteis
1220 4167 1265 4202 ca-

165 4226 242 4272 nunt.
277 4218 327 4269 hae
351 4233 415 4268 vero
439 4216 518 4268 tabee
539 4214 599 4266 huic
616 4214 674 4267 usui
690 4215 838 4268 destinatae
857 4231 910 4265 non
928 4215 1048 4268 referunt
1064 4213 1171 4268 aliarum
1188 4219 1265 4270 tuba-

165 4304 224 4341 rurn
245 4287 370 4352 formam,
392 4285 440 4336 sed
457 4283 510 4336 alio
527 4283 637 4351 quadarn
655 4284 740 4352 ligura
755 4282 892 4352 praeditae
909 4289 979 4336 sunt.
1014 4283 1113 4336 indicat
1136 4283 1186 4336 hoc
1206 4286 1266 4355 ipse

166 4355 247 4411 etiam
270 4371 351 4409 sonus
374 4352 464 4408 talium
480 4352 724 4420 instrumentorum
750 4353 796 4423 qui
814 4357 870 4419 est,
893 4358 924 4405 ut
939 4352 964 4406 si
981 4352 1039 4423 quis
1055 4369 1088 4406 ex
1102 4353 1199 4423 populo
1215 4354 1265 4408 ali-
