3050 4924
190 215 197 223 ⁸
238 261 263 336 4
558 256 708 330 comm
733 257 1034 330 annosarum
1135 243 1138 252 ·

240 441 394 520 οἷκονομεῒ
410 440 454 523 τῷ
474 434 608 522 ἀρχιερεῖ
620 437 669 500 καὶ
686 441 723 522 τῇ
738 435 890 526 ἓκκλησίηι.
994 431 1010 500 ὁ
1025 433 1120 520 μίγας
1135 429 1344 522 σακελλάριος,

241 547 361 629 κρατῶν
378 539 417 605 τὰ
435 539 558 626 ἀνάρῷα
573 541 623 604 καὶ
639 548 791 624 γυναικεῖα
806 535 1013 626 μοναστῆρια,
1039 533 1115 624 ἔχειν
1129 534 1283 633 ἀποαργάν
1302 542 1345 614 εἰς

241 651 332 711 τοῦτο
357 644 410 708 τὸν
435 640 569 730 ἀρχοντα
592 649 653 707 τῶν
673 643 893 731 μοναστηρίοιν.
995 633 1123 727 ἀριίχας
1141 639 1344 728 σκενοφάλαξ,

243 753 363 836 κρατῶν
387 744 427 810 τά
449 744 540 829 σκεάη
561 751 617 829 τῆς
637 745 804 829 ἐκκλησίας.
907 741 1152 832 ὃχαρτοηοίλαξ,
1172 751 1291 832 κρατῶν
1304 745 1343 810 τὰ

206 862 231 918 1)
247 850 479 936 ἔκκλησιαστικὰ
496 856 625 937 χαρτηλα
645 848 836 933 δικαιώματα
844 896 854 928 ,
880 849 985 933 κριτὴς
1001 855 1061 915 τῶν
1076 848 1155 914 ὅλων
1169 845 1372 914 ἀποθίσειονό

245 962 307 1020 τῶν
328 957 580 1036 ἀικλησιασνικιάν
589 1001 600 1032 ,
626 951 702 1036 ἔχων
726 953 786 1030 τάς,
804 952 935 1038 γαμικάς
955 950 1133 1031 ἀποθέσεις,
1160 951 1301 1016 ἀλλὰκαὶ
1316 953 1348 1015 ἐν
1398 967 1401 974 ‘

245 1067 312 1135 ταῖς
324 1063 443 1133 λοιπαῖς
457 1061 517 1122 τῶν
529 1062 685 1143 κληρικιῖννι
696 1054 877 1124 ὑποθέσεσιν
890 1055 1006 1133 ίκιλικος
1018 1054 1060 1134 ὡς
1074 1055 1160 1134 δεξιὰ
1174 1061 1228 1120 τοῦ
1243 1054 1347 1142 ἀρχιε-

245 1162 322 1250 ρέως
343 1162 422 1246 χείρ.
523 1157 540 1226 ὃ
565 1163 745 1240 σακελλίοιι,
770 1167 889 1247 κρατῶν
913 1160 969 1236 τὰς
993 1159 1163 1248 καθολικάς
1188 1159 1349 1236 ἐκκλησίας

246 1267 297 1334 καί
317 1264 354 1329 τὸ
377 1261 508 1342 σακίλιν.
593 1261 628 1334 ,ὁ
649 1265 851 1351 πρωτίκάικος
870 1265 911 1339 εἲς
927 1263 961 1327 τὸ
977 1259 1260 1345 ἀντιλαμβάνεσθαι
1276 1262 1349 1338 τοὺς
1377 1307 1381 1311 -

248 1365 477 1452 αἰχμαλώτους,
506 1368 557 1431 καί
575 1368 679 1454 κριτὴς
693 1375 754 1433 τῶν
771 1369 995 1452 ἐγκληματικῶν
1008 1365 1194 1434 ὑποθέσεων.
1358 1372 1393 1426 10

249 1575 255 1584 ,
353 1494 448 1568 Οὗτοι
471 1500 623 1590 κάθηνται
644 1507 678 1570 ἓν
697 1509 737 1592 τῇ
758 1505 830 1598 θείη
859 1506 910 1570 καὶ
940 1503 1007 1596 ἱερᾷ
1036 1498 1155 1594 συνόδῳ
1185 1500 1263 1588 μετὰ
1294 1505 1351 1567 τοῦ

247 1606 421 1694 ἀρχιερίως.

174 1883 373 1960 Ρ3κοίλιον,
403 1885 453 1948 καί
477 1887 518 1960 είς
539 1881 579 1947 τά
598 1880 749 1947 πιστάκια.
851 1879 868 1948 ὃ
895 1885 1059 1968 λοχοθίτης
1083 1885 1125 1958 είς
1145 1881 1181 1947 τὸ
1203 1886 1351 1964 λογογρα-

249 1995 332 2072 pair,
354 1989 404 2051 καί
425 1989 466 2063 είς
484 1985 541 2063 τὰς
558 1980 748 2070 ἀημοσιακάς
763 1989 814 2050 καί
831 1987 1011 2074 ἀρχοντικάς
1026 1983 1188 2060 ἀποθίσεις
1202 1989 1350 2067 λοχογρα-
1361 1991 1394 2046 15

250 2099 327 2176 pair.
430 2085 447 2153 ὃ
479 2091 671 2176 κανοτρίοιος
700 2092 742 2166 εἷς
761 2089 796 2154 τὸ
821 2093 981 2179 κανστρίον
1002 2091 1052 2153 καὶ
1071 2093 1114 2166 είς
1135 2087 1169 2152 τὸ
1191 2083 1352 2151 ἀλλάσσειν

248 2193 301 2258 τὸν
328 2191 480 2281 ἀρχιερέα.
583 2190 599 2256 ὁ
623 2190 855 2282 ῥιφερεντλάριος
874 2199 917 2271 είς
934 2194 969 2258 τὸ
987 2193 1227 2259 ἀποστέλλεσθαι
1244 2191 1285 2265 είς
1299 2187 1352 2253 τὸν

160 2379 162 2385 y
247 2297 377 2377 βασιλέα
394 2298 444 2360 καὶ
459 2298 504 2372 είς
517 2294 612 2380 μάχαν
627 2295 770 2382 ἀρχοντα.
871 2294 890 2364 ὃ
912 2291 1240 2384 ὑπομνηματογράρων
1258 2293 1301 2369 είς
1317 2289 1352 2356 τὸ

247 2397 377 2486 γράφειν
393 2399 433 2464 τὰ
446 2396 661 2484 ἀπομνήματα.

1492 1679 1493 1712 l

348 1776 396 1843 ‘H
413 1777 540 1872 δευτέρα
559 1775 679 1856 πεντάς.
715 1775 731 1843 ὁ
755 1774 996 1867 πριοτονοτάριος
1017 1774 1102 1866 θάρα
1120 1784 1180 1844 τῶν
1198 1777 1351 1853 ἔξωκατοι-

1492 2115 1493 2160 ι

1492 2251 1493 2284 l

318 2595 353 2650 16
369 2593 600 2668 necromancia,
616 2593 816 2667 κανστρήνσιος
830 2597 877 2652 alii
958 2631 960 2638 ›

247 2781 325 2836 quam
342 2765 471 2821 ecclesiae
487 2766 537 2822 hac
553 2767 582 2822 in
598 2786 629 2823 re
645 2770 813 2840 dispensator
828 2775 879 2825 eat.
984 2785 1091 2840 magnus
1107 2763 1259 2822 sacellarius
1276 2762 1357 2817 habet

247 2852 297 2890 sua
319 2835 347 2888 in
371 2843 504 2905 potestate
527 2836 644 2890 virorum
666 2849 693 2892 et
716 2839 852 2893 mulierum
869 2839 1042 2908 monasteria,
1069 2839 1149 2898 etad
1168 2837 1217 2889 hoc
1237 2833 1356 2886 ministro

247 2922 296 2958 seu
320 2903 441 2958 adiutore
466 2906 549 2961 utitur
567 2909 703 2976 praefecto
721 2909 946 2962 monasteriorum.
979 2917 982 2926 '
1052 2923 1160 2976 magnus
1179 2901 1356 2974 sceuophylax

248 2991 297 3027 seu
324 2991 448 3028 vasorum
474 2984 562 3030 custos
587 2995 634 3030 sua
656 2978 684 3030 in
701 2987 835 3048 potestate
851 2979 931 3031 habet
948 2975 1076 3030 ecclesiae
1094 2993 1159 3029 vasa
1176 2993 1223 3029 seu
1241 2971 1358 3042 supelle-

249 3043 346 3097 ctilem.
452 3045 644 3116 chartophylax
660 3047 764 3108 tabulas
783 3048 863 3102 babet
879 3048 1032 3100 chartaceas
1049 3047 1082 3100 ad
1100 3047 1160 3098 iura
1178 3040 1357 3096 ecclesiastica

249 3111 414 3184 pertinentes
443 3115 515 3182 (hoc
538 3125 595 3184 est,
621 3116 712 3170 literas
736 3117 832 3187 quibus
847 3115 998 3186 'privilegia
1024 3123 1051 3169 et
1074 3115 1125 3168 alia
1146 3115 1205 3167 iura
1228 3110 1357 3166 ecclesiae

248 3183 436 3250 continentur)
454 3193 482 3238 et
500 3191 542 3238 est
557 3185 638 3240 iudex
654 3187 766 3241 omnium
783 3203 919 3240 causarum
936 3185 1186 3251 ecclesiasticarum,
1204 3189 1232 3235 et
1249 3186 1358 3233 contro·
1407 3233 1409 3242 ,

248 3252 346 3304 versiis
371 3252 603 3308 matrimonialibus
630 3257 819 3323 cognoscendis
837 3257 871 3310 ad
887 3255 1041 3310 dirimendis
1081 3253 1207 3307 raesidet.
1242 3249 1306 3318 quin
1331 3254 1358 3300 et

248 3320 278 3373 in
302 3321 398 3374 ceteris
424 3322 577 3378 clericorum
602 3324 693 3377 litibus
717 3325 797 3379 iudex
821 3334 876 3395 est,
907 3334 1032 3393 tanquam
1057 3274 1167 3376 dextera
1191 3317 1359 3388 patriarchae

248 3407 351 3443 manns.
455 3395 606 3461 praefectus
630 3393 721 3446 sacelli
742 3411 791 3448 sua
813 3394 841 3448 in
865 3401 997 3465 potestate
1014 3395 1095 3448 habet
1112 3390 1255 3444 catholicas
1273 3387 1358 3441 eccle-

248 3459 302 3511 sias
320 3465 348 3512 et
364 3458 498 3514 sacellum.
601 3462 748 3531 protecdici
770 3481 862 3517 munus
885 3459 1029 3516 ad'ouram
1050 3461 1215 3530 captivorum
1238 3456 1358 3510 extendi-

248 3535 312 3652 tur3t
334 3535 362 3582 et
385 3535 427 3582 est
449 3529 526 3586 simul
549 3530 629 3585 iudex
647 3533 760 3586 omnium
777 3533 1012 3604 querimoniarum,
1038 3549 1106 3602 quae
1123 3530 1158 3585 ad
1174 3529 1260 3582 iorum
1282 3527 1357 3580 dele-

248 3613 299 3650 run
312 3610 364 3651 nrt

319 3685 370 3740 Isti
387 3685 483 3740 sedent
498 3685 526 3740 in
544 3704 620 3741 sacra
636 3687 763 3742 concione
781 3704 839 3742 cum
857 3686 1017 3757 patriarcha.

318 3804 455 3860 Secundus
480 3804 627 3874 quinarius.
657 3807 854 3876 protonotarius
877 3805 972 3860 ortlum
995 3809 1037 3858 est
1060 3809 1089 3857 et
1105 3804 1191 3860 aditus
1210 3805 1242 3858 ad
1261 3821 1358 3858 exoca-

249 3873 381 3944 urcelos,
401 3881 560 3945 praeestque
575 3876 693 3945 pittaciis
708 3877 896 3931 conficiendis:
994 3874 1129 3942 logotheta
1146 3883 1253 3944 praeest
1269 3875 1359 3928 discu-

249 3943 347 3996 tiendis
365 3950 394 3997 et
410 3943 606 3998 conscribendis
620 3947 782 4016 rationibus,
803 3955 857 4000 tam
874 3962 940 4015 quas
957 3945 1072 3999 reddunt
1087 3944 1132 4012 qui
1147 3964 1180 3998 ex
1194 3943 1271 4013 plebe
1282 3959 1359 4013 quam

249 4011 296 4080 qui
322 4029 356 4065 ex
381 4014 474 4066 ordine
491 4014 669 4068 ecclesiastico
686 4015 838 4085 principali.
943 4013 1097 4068 canstrisius
1116 4014 1231 4066 canistro
1251 4014 1359 4084 praefe-

248 4089 307 4134 ctus
324 4087 372 4149 est,
391 4089 418 4135 et
436 4082 611 4153 patriarchae,
629 4087 690 4138 dum
707 4086 826 4139 vestibus
843 4084 926 4138 sacris
942 4083 1068 4149 induitur,
1087 4082 1181 4140 servit.
1285 4083 1360 4136 refe-

246 4148 366 4204 rendarii
386 4168 477 4205 munus
504 4161 545 4206 est
570 4161 599 4207 ut
623 4154 742 4209 mittatur
767 4155 801 4208 ad
824 4155 1009 4224 imperatorem
1033 4160 1061 4204 at
1083 4153 1116 4204 ad
1140 4169 1260 4220 magnum
1283 4151 1359 4220 prin-

248 4219 343 4342 olplqp·
443 4222 494 4346 tqui
506 4239 522 4278 a
536 4223 729 4280 commentariis
744 4233 801 4296 est,
819 4223 968 4280 scribendis
982 4221 1175 4278 commentariis
1189 4221 1247 4276 siva
1261 4237 1359 4277 nemo·

246 4306 309 4343 nar
328 4305 359 4343 us
376 4307 464 4345 vace.
563 4333 570 4348 ,
1347 4331 1349 4334 .
