2958 4918
274 242 347 315 ruo
417 235 640 309 'auersum
655 237 711 306 en
725 231 860 308 οοιιιι
877 229 1212 302 conuaummus
1312 307 1314 316 A

275 409 330 476 νην
354 404 416 468 τοῖς
439 397 581 472 δεομένοις
602 393 786 470 παρέχεσθαι.
822 411 961 482 congruam
983 394 1065 466 magis
1085 392 1159 450 hidas
1177 391 1380 466 ciliciicxpusi-

276 477 372 530 tionem
389 473 511 545 opusculo
527 471 633 526 inierius
652 467 786 524 subdendo
801 483 925 538 reperies.
1023 511 1025 515 ,

344 575 372 630 p.
392 562 424 615 11
446 575 473 611 v.
490 559 516 612 4.
539 549 717 622 δκοιὲστωρ]
741 559 778 622 ιιι,
787 553 977 622 Theophanes,
1005 548 1142 616 κοίοτωρ,
1163 552 1195 602 ut
1212 549 1270 602 Leo
1285 549 1382 602 Gram-

278 627 384 682 maticus
403 633 431 682 et
447 623 729 698 μδιιιοο,,ιωιαι’στωρ·,
755 629 784 676 ut
804 623 915 676 Latinae
935 617 1136 691 pronuntiationi
1160 633 1218 670 cum
1240 618 1383 670 simocatta

276 697 403 762 vicinius,
424 695 588 760 κουαίστωρ.
623 709 674 746 nou
687 693 807 760 ignorant
823 690 920 745 Graeci
937 688 1110 757 uquaerendo
1122 687 1225 742 dictum.
1260 687 1383 740 Moscho·

299 767 370 820 ulus:
396 760 468 820 ἔστιν
492 760 508 819 ὁ
533 763 655 831 συζητῶν
677 759 727 815 καὶ
746 754 866 829 ἐρευνῶν
883 753 930 813 ἐπί
946 753 1075 827 χρήμασι.
1110 757 1253 826 Procopius
1273 757 1308 808 da
1326 755 1384 810 bell.

280 783 356 888 lere.
375 837 403 889 1:
425 835 534 905 βασιλεῖ
547 827 700 898 πάρεδρος,
725 829 894 899 κοιαίστωρα
915 828 1018 884 τοῦτον
1032 826 1173 883 καλοῦσιν.
1210 825 1266 878 Leo
1290 827 1384 878 Gram-

279 903 388 956 maticus
406 903 433 956 in
459 895 619 972 Thebphilor
650 894 812 967 ῶρίσδησαν
833 895 850 954 ὅ
873 914 903 951 τι
928 896 1075 960 κοιαίστωρ
1093 891 1141 948 καὶ
1157 887 1187 948 oi
1203 888 1386 964 ἀντιγραφαῖς

280 970 418 1025 dealbato
436 969 485 1025 nori
500 965 593 1040 μέχρις
610 967 745 1036 θεμελίων
762 961 912 1036 ἐκδαφίσαι
934 960 971 1019 soi
998 961 1086 1018 occisori
1110 960 1262 1032 otiaq'pcuor'.
1286 964 1385 1047 'Simo

280 1046 352 1094 catta
371 1040 543 1094 Mauricianus
561 1037 682 1092 historiae
699 1036 785 1090 statim
800 1037 827 1089 in
844 1036 944 1090 limine:
976 1029 1108 1106 ducaliter
1123 1036 1246 1102 γλῶτταν
1261 1049 1315 1086 τον
1328 1030 1384 1084 'Io-

279 1107 371 1179 α’ννην
388 1105 543 1176 ἐδείκνυεν,
566 1103 658 1174 ἄνδρα
677 1100 785 1174 §propri
800 1121 831 1159 aa
847 1098 942 1158 δεινῶν
958 1101 1009 1156 καί
1020 1099 1186 1171 Ῥωμαϊκῶν
1203 1099 1301 1170 νόμων
1328 1095 1385 1156 ίπι-

281 1174 476 1318 hiltrad
488 1169 737 1316 {trittiiitti
752 1168 1151 1310 sterilissima
1158 1167 1387 1310 ‹ittlilii‘a

282 1267 456 1371 &concludet
471 1314 657 1380 κουαίστωρα.
692 1313 863 1382 κοινιίστωρα
878 1312 930 1367 τοῦ
946 1311 1030 1366 θείου
1046 1293 1186 1364 παίοιίίου
1197 1316 1279 1366 vocat
1290 1309 1387 1378 licloga

285 1387 380 1440 Leonis
397 1394 426 1440 et
440 1383 599 1439 Constantini
615 1385 657 1436 tit.
673 1382 700 1442 i.

347 1476 405 1550 'ih
432 1509 458 1549 v.
480 1491 508 1554 5.
546 1488 668 1567 Magnus
683 1487 868 1566 adnumiasta]
892 1479 1059 1564 ῶδνοιίμιον
1084 1491 1123 1546 eat
1140 1484 1282 1565 desmptio
1306 1489 1388 1546 nomi·

285 1594 350 1635 aum
375 1575 451 1654 opud
474 1575 623 1652 Romanoa,
646 1573 738 1650 inquit
762 1574 879 1647 Suides3
902 1578 932 1632 et
953 1577 987 1630 ut
1005 1571 1075 1630 alius
1095 1572 1154 1650 ait,
1175 1565 1388 1649 α’δνουμιῶζειν

288 1666 333 1718 est
356 1655 419 1721 κατ’
438 1657 535 1740 ὄνομα
560 1659 739 1739 διέρχεσθαι.
774 1664 820 1718 est
844 1678 913 1736 ergo
934 1656 1059 1716 delectus
1080 1663 1110 1716 et
1131 1676 1233 1716 census
1254 1657 1387 1729 militana

288 1745 365 1804 unde
378 1745 451 1805 actio
465 1739 694 1828 ῶδνονμιοὶζιιν,
710 1744 791 1820 quasi
810 1744 886 1804 dicas
900 1744 1100 1816 adnumerare3
1121 1749 1151 1800 et
1166 1736 1389 1822 ῶδυουμιαστής

289 1851 394 1908 censor,
421 1831 564 1907 lustrator,
588 1829 669 1906 qnasi
687 1830 882 1892 adnumeretur.
903 1847 962 1888 non
981 1827 1164 1907 improbabile
1181 1833 1227 1886 est
1241 1847 1260 1886 a
1276 1826 1389 1887 Graecis

288 1935 323 1975 ex
337 1915 422 1975 Latio
436 1917 509 1976 hanc
522 1936 619 1976 vocem
631 1915 749 1994 petitam
761 1933 838 1976 esse:
858 1932 945 1976 sonus
965 1933 1035 1974 sane
1056 1932 1117 1976 non
1136 1912 1249 1974 abludit
1255 1955 1266 1994 ,
1287 1919 1324 1974 ut
1344 1932 1389 1974 uec

284 2003 463 2078 significatio.
483 2003 547 2061 vide
560 2001 723 2081 Rigaltium.

294 2120 297 2124 ’
360 2115 519 2170 Glossarium
554 2115 729 2171 Bibliothecae
766 2115 835 2184 Reg.
874 2109 1031 2184 ῶδνοῶμιον
1067 2111 1223 2186 κατάλογος
1260 2132 1389 2184 στρατιω-

291 2184 358 2239 τῶν.
400 2202 445 2238 eus
463 2185 551 2255 itaque
573 2191 662 2239 censet
680 2184 861 2239 aduumiestes.
900 2185 1007 2255 exponit
1035 2184 1170 2239 dictionem
1195 2185 1346 2254 Rigaltius3
1364 2201 1391 2237 ex

292 2270 323 2306 eo
347 2253 421 2323 plura
447 2260 576 2308 mutuatur
602 2253 746 2323 Meursius‚
772 2272 806 2307 ex
830 2253 945 2308 Meursio
971 2255 1127 2320 Gretserus,
1157 2272 1190 2308 ex
1209 2262 1392 2324 utroquecun·

294 2327 336 2374 cta
352 2324 520 2392 Bullengerus
541 2323 574 2378 ad
597 2326 712 2378 verbum.
747 2325 837 2378 eadem
857 2323 976 2391 ingerere
1000 2323 1180 2393 importunum.
1217 2325 1390 2393 Theephohus

293 2389 364 2461 apud
382 2393 527 2447 cedrenum
544 2395 571 2446 in
591 2393 753 2465 Theophilo:
782 2387 904 2464 πολλοὺς
927 2387 958 2447 ἐκ
975 2388 1082 2446 τούτων
1100 2386 1251 2478 ἐμπρέπων
1268 2398 1331 2454 τοῖς
1348 2392 1390 2463 βα-

282 2463 407 2524 σιλικοῖς
424 2457 559 2532 ῶξιῶμασι
574 2457 733 2532 πεποιηκὼς
749 2457 845 2528 κτίὸιξι
862 2465 1068 2529 στρατιωτικοῖς
1084 2461 1256 2532 (αδνουμίῳ)
1270 2457 1390 2530 drappi-

294 2547 394 2616 qmm,
418 2528 510 2600 τάγμα
527 2527 664 2599 Περσικῶν
681 2527 790 2593 τούτοις
807 2526 955 2600 ὀνομάσας.
989 2529 1100 2585 Nicetes
1115 2531 1142 2584 in
1161 2530 1280 2584 isaacio:
1303 2527 1392 2601 μετῄει

263 2597 267 2608 ’
295 2616 349 2653 ccc
368 2600 422 2655 τῶν
440 2602 643 2670 στρατιωτικῶν
661 2597 714 2654 elul
729 2597 901 2668 καταλόγων.

363 2688 399 2742 a‘h.
418 2703 445 2739 r.
463 2689 488 2742 6.
517 2683 533 2740 δ
557 2680 711 2753 ίονοδέτηρ
734 2683 1010 2752 veterascerent]
1034 2688 1156 2754 quattuor
1175 2685 1279 2738 aeraria
1294 2700 1391 2737 numero

295 2754 364 2822 apud
383 2757 528 2824 Gregoram
547 2755 565 2808 Ι.
584 2758 614 2808 6:
643 2749 679 2806 τοὶ
698 2748 749 2820 μὲν
766 2745 798 2806 ἐκ
819 2753 871 2806 τοῦ
893 2753 1035 2823 βασιλικοῶ
1057 2753 1227 2823 πρυτανείου
1258 2748 1394 2816 ἐδίδοντο,

294 2819 332 2874 τῶ
349 2820 381 2874 δὲ
398 2817 428 2876 ἐκ
445 2825 500 2877 τῶν
517 2823 735 2891 στρατιωτικῶν,
752 2819 789 2876 τὰ
805 2816 837 2874 δὲ
854 2817 885 2876 ἐκ
902 2823 957 2875 τῶν
974 2823 1076 2876 κοινῶν
1093 2820 1143 2876 καί
1160 2820 1322 2876 ίδιοοτικῶν.
1346 2840 1394 2876 me·

295 2905 362 2958 gnus
376 2891 510 2959 logotheta
529 2909 617 2946 sacras
635 2908 723 2944 oannes
740 2907 818 2960 gazas
837 2894 1054 2961 recognoscebat,
1077 2891 1129 2944 rori
1145 2892 1256 2960 νενικοῦ
1273 2893 1393 2964 publicas,

295 2961 351 3012 τῶν
368 2956 515 3014 οίκειακῶν
532 2961 667 3030 privatas,
684 2960 725 3012 hic
744 2961 776 3012 de
791 2975 841 3028 quo
861 2976 959 3025 sermo,
981 2961 1008 3013 in
1025 2960 1118 3013 milites
1137 2961 1292 3028 erogandas.
1328 2977 1395 3015 aeta·

295 3028 361 3080 rium
375 3029 485 3083 militare
501 3030 534 3082 ab
551 3033 667 3096 Augusto
685 3029 830 3091 institutum
849 3027 938 3082 scribit
956 3029 983 3083 in
1000 3029 1055 3082 eius
1073 3030 1129 3082 vita
1147 3030 1298 3084 Suetonius:
1322 3039 1394 3100 atque

296 3105 420 3166 perpetro
446 3116 478 3153 ιω
502 3101 557 3152 sinc
586 3099 745 3167 difficultate
775 3105 891 3168 sumptus
913 3099 950 3152 cd
971 3100 1079 3153 tuendos
1098 3117 1139 3152 eos
1159 3103 1394 3168 prosequendosque

297 3174 459 3234 suppeteret,
485 3169 618 3222 amariam
637 3169 757 3221 militare
778 3185 835 3220 cum
856 3169 1031 3238 uectigalibus
1056 3171 1131 3222 κουίο
1153 3169 1281 3223 instituit.
1326 3186 1395 3223 cura-

296 3245 390 3288 verunt
407 3237 532 3290 aerarium
548 3237 629 3307 primo
645 3243 809 3306 quaestores,
835 3243 903 3289 teste
921 3238 1005 3290 Dione
1023 3237 1041 3290 l.
1061 3237 1110 3302 43,
1135 3237 1271 3306 aliquando
1286 3239 1394 3300 aediles,

297 3311 419 3357 narrante
439 3307 563 3360 Suetonio
580 3306 607 3358 in
628 3307 760 3375 Auguste,
793 3321 969 3373 nonnunquam
1005 3311 1135 3370 raetores,
1159 3307 1248 3359 eodem
1275 3308 1393 3360 Suetonio

296 3375 442 3427 referente:
471 3376 548 3428 rediit
568 3374 659 3430 iterum
686 3377 719 3428 ad
744 3379 910 3443 quaestores,
933 3374 970 3428 ait
983 3324 1033 3428 bio
1049 3375 1076 3426 in
1095 3375 1222 3443 Claudio3
1245 3393 1277 3428 ac
1302 3377 1394 3428 demum

300 3439 356 3494 einh
387 3443 467 3496 omnis
491 3461 552 3498 cura
577 3461 655 3515 penes
675 3445 822 3512 logothetae
848 3443 949 3497 mansit.
994 3444 1068 3496 huius
1092 3443 1175 3496 adhuc
1192 3445 1394 3512 στρατιωτικοῦ,

298 3529 390 3580 nempe
412 3509 582 3580 λονοδὲτου,
610 3522 683 3566 sexta
706 3513 827 3580 Synodus
855 3518 906 3565 act.
929 3517 942 3567 1
966 3517 992 3564 et
1008 3512 1117 3581 septima
1136 3517 1188 3567 act.
1213 3518 1230 3568 1·
1251 3515 1394 3568 meminere:

299 3581 375 3634 modo
390 3582 543 3651 imperialem
562 3575 735 3651 logothetam}
751 3581 826 3633 modo
843 3587 1004 3649 quaestorem
1024 3581 1139 3636 militaris
1157 3583 1249 3635 aerarii
1267 3584 1395 3636 reddidere

299 3649 464 3774 interprqtpes.
498 3651 586 3706 leudes
606 3650 744 3704 Cabasilae
758 3649 906 3719 logothetae
923 3650 1038 3704 militaris
1055 3651 1219 3721 prosequitur
1238 3652 1393 3707 Cantacnze·

300 3737 349 3774 nus
440 3759 447 3773 .

368 3807 404 3859 ih.
427 3822 453 3859 v.
470 3807 495 3861 7.
514 3801 530 3860 ὃ
548 3801 815 3876 πρωτοϊερακῶριος]
836 3820 961 3874 aucupum
978 3805 1107 3874 regiorum
1126 3807 1289 3876 praelectus,
1307 3808 1394 3876 quique

300 3863 457 3930 enulriendis
476 3875 639 3944 accipitribus
661 3876 751 3944 aquilis
767 3875 909 3928 falconibus
934 3878 961 3926 et
981 3875 1184 3943 praedatricibus
1210 3877 1394 3945 quibuscunque

300 3945 393 3997 avibus
410 3961 443 3996 ex
460 3941 623 4013 imperatoris
639 3945 756 3996 mandato
774 3951 865 3996 vacate
885 3959 990 4011 magnus
1008 3945 1164 3997 falconarius
1183 3946 1277 3998 nostris
1301 3945 1395 3997 dicitur.

301 4011 472 4067 Andronicum
491 4013 613 4066 iuniorem
630 4014 713 4065 refert
730 4012 870 4066 Phrantzes
889 4016 903 4067 1
921 4015 954 4066 12
965 4013 1101 4084 accipitres
1113 4019 1191 4084 supra
1202 4013 1271 4070 mille
1281 4013 1394 4086 quadrin

301 4087 410 4151 gentos,
431 4082 588 4152 totidemque
606 4081 651 4151 qui
668 4087 801 4151 curarent,
821 4080 926 4138 aluisse.

369 4167 406 4224 ih.
425 4183 453 4220 v.
472 4170 497 4222 8.
521 4161 708 4236 ὁλομοδέτης
724 4168 781 4220 τῶν
801 4163 917 4236 decido]
946 4171 1061 4222 armenta
1081 4185 1229 4238 gregesque
1250 4168 1395 4239 praecipuos

301 4234 381 4292 fuisse
397 4252 487 4306 regum
505 4236 665 4308 antiquomn
688 4253 780 4293 census
796 4253 886 4292 sacrae
900 4237 991 4293 literae
1008 4245 1127 4294 narrante
1150 4245 1225 4293 erant
1248 4237 1326 4294 ctiam
1346 4233 1394 4306 egri
