3050 4924
467 321 635 392 uorans
661 323 715 388 m
741 322 981 396 Lauronem
1232 365 1268 412 rr

156 525 332 604 sudaverit,
362 523 476 588 Meumii
496 523 620 607 pluribus
641 523 671 582 in
685 523 752 584 locis
769 523 944 585 demonstrat
965 531 1122 590 emendatio
1145 537 1175 592 et
1187 533 1268 596 insti·

172 637 239 706 tuta,
260 649 312 709 per
336 629 500 690 Gretsernm
516 629 606 688 versio
633 645 667 684 ac
692 626 722 686 in
750 627 848 705 amplis
871 627 1038 707 disertisque
1064 639 1268 697 commentariis
1320 645 1324 650 ’

171 735 297 794 eiusdem
310 732 412 791 Codini
431 729 594 802 illustrati03
623 730 676 788 sed
699 747 762 788 cum
778 749 812 788 ea
829 748 887 806 qua
899 731 1049 794 Gretserus
1069 743 1163 799 aetate
1177 747 1270 800 verte-
1294 773 1296 776 ⁴

169 837 240 914 bat,
274 854 358 894 voces
381 834 444 894 illae
469 833 625 893 neotericae
646 832 780 892 Graeciae
802 833 928 894 nondum
950 835 980 895 in
1003 839 1142 900 Occiduas
1172 849 1269 922 partes

171 944 268 998 essent
289 937 408 1014 allatae,
433 941 584 1015 propterea
603 934 683 994 ¹venia
707 935 810 1014 dignus
829 940 874 996 est
893 937 936 996 vir
952 957 1021 998 sane
1042 940 1129 1000 dere
1149 943 1272 1003 literaria

171 1039 395 1117 benemeritus,
421 1038 498 1096 cuius
519 1039 624 1116 scripta
644 1036 760 1097 multam
778 1039 934 1098 doctrinam
953 1042 1113 1122 continent,
1142 1043 1270 1105 doctrina

170 1146 307 1225 pietatem
329 1143 405 1221 sapit
424 1146 454 1199 et
474 1142 511 1200 ad
523 1141 699 1200 sanctitatem
718 1141 825 1200 accedit
843 1141 950 1220 pietas,
971 1143 996 1200 si
1010 1143 1126 1204 aliorum
1145 1153 1270 1208 mentem

169 1252 283 1306 secutus
304 1246 335 1304 in
357 1261 454 1304 eornm
468 1245 571 1303 menda
585 1243 738 1322 prolapsus
759 1243 914 1322 impegerit
957 1262 1016 1303 non
1037 1246 1110 1306 enim
1129 1248 1175 1308 ille
1192 1250 1269 1310 solus

170 1355 214 1406 est
253 1348 303 1424 qui
336 1348 374 1406 ad
404 1346 534 1425 scopulos
565 1332 635 1422 quos
661 1346 776 1405 Meursii
799 1345 972 1407 Glossarium
1001 1365 1036 1405 ex
1055 1350 1158 1426 potiori
1187 1337 1285 1429 parte

169 1447 380 1531 ὅλοβᾶρβαρον
402 1451 517 1529 exponit
536 1448 644 1508 allidat:
684 1450 708 1507 is
730 1449 803 1508 enim
824 1469 887 1508 cum
910 1467 1071 1527 germanam
1098 1451 1268 1512 Graecarum

169 1573 202 1612 ac
221 1552 380 1630 vulgarium
399 1572 498 1610 vocum
521 1555 641 1610 mentem
661 1553 776 1611 nonsit
796 1557 950 1630 assecutus,
973 1553 1139 1629 sequacibus
1158 1555 1268 1615 foveam

169 1657 245 1734 fecit,
273 1657 303 1714 in
325 1673 410 1731 quam
429 1655 491 1733 ipse
510 1655 585 1733 prior
597 1653 703 1732 lapsus,
723 1655 776 1712 nisi
796 1673 815 1713 a
834 1655 993 1713 recentioris
1008 1655 1194 1716 Graecanicae
1213 1657 1268 1716 lin-

169 1777 243 1836 guae
269 1758 341 1816 bene
369 1757 460 1834 perito
487 1758 639 1834 corrigatur
667 1756 820 1815 illustretur
846 1777 879 1816 ac
909 1757 1024 1816 infinitis
1054 1761 1271 1839 propemodum,

169 1880 243 1938 qnae
266 1865 389 1938 possunt
408 1860 490 1937 addi,
524 1859 688 1919 dictionibus
708 1865 859 1937 augeatur,
887 1859 996 1940 facilem
1016 1861 1108 1920 adhuc
1130 1851 1268 1922 secuturis

168 1963 315 2043 praebebit
334 1962 429 2041 lapsus
449 1960 625 2020 occasionem.
673 1963 765 2021 fateor
785 1963 950 2022 Gretsernm
969 1969 1050 2023 eruta
1071 1965 1184 2023 metalla
1204 1984 1270 2024 exa-

168 2068 304 2143 minasse,
326 2083 344 2123 a
364 2063 505 2144 plerisque
523 2064 608 2122 situm
629 2069 659 2122 et
687 2064 847 2142 squalorem
868 2065 1034 2145 detersisse,
1054 2067 1083 2125 in
1096 2070 1270 2148 exponendis

168 2151 379 2228 emblematibus
402 2165 503 2245 Oedipi
523 2167 645 2243 gessisse
664 2185 829 2245 personam,
862 2172 893 2225 et
913 2168 1121 2248 characterum,
1152 2172 1202 2246 qui
1222 2172 1270 2230 vix

168 2269 423 2348 dignoscebantur,
457 2271 629 2328 reconditam
647 2270 877 2347 significationem
897 2269 1096 2349 investigasse:
1131 2274 1183 2332 sed
1205 2293 1270 2334 cum

167 2375 281 2434 omnino
301 2374 339 2431 sit
358 2370 528 2450 impossibile
549 2373 593 2431 vel
614 2372 682 2431 nihil
708 2374 838 2450 ignorare
866 2371 911 2430 vel
937 2375 1060 2433 omnium
1085 2377 1157 2434 votis
1185 2378 1270 2436 satis-

165 2477 274 2553 facere,
306 2475 460 2553 oomplures
483 2479 513 2532 et
527 2475 632 2552 egregii
654 2475 769 2550 quidem
787 2473 839 2532 viri
859 2473 965 2549 aliquid
985 2483 1097 2553 praeter
1116 2478 1175 2534 eius
1190 2477 1270 2536 lebo-

166 2599 242 2656 rem,
264 2597 321 2655 quo
334 2578 415 2638 labor
434 2578 552 2656 ipsemet
564 2575 747 2654 amplificatus
763 2582 950 2653 excresceret,
972 2578 1180 2656 exspectabant.
1222 2580 1270 2638 illa

163 2700 209 2742 me
231 2680 370 2740 desideria
388 2684 535 2739 moverunt
559 2684 593 2738 ut
618 2678 706 2738 multe
729 2654 913 2756 illustrarem,
938 2680 1116 2758 explanarem
1135 2681 1204 2759 alia,
1233 2683 1269 2742 de

160 2767 226 2844 'meo
247 2784 382 2844 nonnulla
405 2783 575 2842 conferrem:
608 2783 715 2840 utinam
736 2782 849 2838 homine
872 2779 954 2842 Gallo
981 2788 1156 2842 monstrante
1184 2783 1268 2862 viam,

162 2905 246 2947 nemo
273 2888 304 2945 in
332 2890 477 2965 posterum
502 2885 588 2950 etiam
614 2879 726 2940 aliunde
764 2887 848 2940 natus
886 2883 916 2942 iu
948 2883 1066 2943 Graecia
1103 2887 1266 2964 peregrinus

161 2975 283 3049 aberret.
324 2989 354 3046 in
375 2985 493 3045 alienam
514 3002 633 3044 messem
653 2973 796 3043 non'adeo
809 2984 908 3044 falcem
921 3003 1007 3061 quam
1026 2987 1168 3046 uberiores
1185 3007 1267 3066 sege-

164 3095 208 3148 tes
229 3088 358 3149 immitte.
402 3086 537 3147 Gretsero
552 3105 613 3154 sua
638 3090 716 3145 sarta
742 3090 817 3145 tecta
839 3087 953 3166 reliqui,
989 3095 1019 3148 et
1040 3081 1121 3148 'velut
1142 3091 1211 3148 data
1231 3109 1266 3149 ex

162 3192 275 3271 tripode
295 3209 432 3268 response
451 3209 514 3249 sum
538 3194 694 3248 veneratus.
743 3195 873 3267 superest
897 3196 929 3249 ut
957 3210 1030 3269 quae
1058 3209 1120 3250 mea
1142 3198 1210 3250 sunt
1235 3199 1266 3251 et

163 3294 230 3353 iuris
246 3293 358 3373 publici·
374 3293 502 3350 facienda
521 3293 617 3372 paucis
631 3310 806 3370 proponam,
826 3298 984 3351 accuratam
997 3275 1102 3351 scilicet
1116 3293 1266 3353 Codiniani

163 3402 258 3458 textus
288 3415 350 3455 curn
377 3395 512 3453 alterutro
542 3391 586 3452 vel
611 3393 692 3453 simul
719 3413 782 3454 cum
811 3394 920 3453 duobus
946 3393 1056 3474 Regiae
1084 3395 1267 3456 bibliothecae

163 3499 366 3581 exemplaribus
383 3497 566 3558 collationem.
609 3501 717 3556 textum
736 3498 829 3576 ipsum
847 3515 905 3556 non
926 3499 963 3556 ad
980 3499 1191 3558 abundantioris
1216 3501 1268 3558 do-

162 3588 269 3662 ctrinae
286 3602 503 3663 ostentationem
526 3600 578 3659 sed
598 3601 636 3658 ad
656 3599 805 3658 utilitatem
825 3601 975 3678 respiciens
990 3602 1147 3660 emendavi:
1172 3620 1268 3660 emen·

163 3707 306 3766 dationem
330 3705 375 3763 vel
388 3685 545 3764 lectionum
571 3703 734 3761 varietatem
760 3704 790 3762 in
817 3703 971 3780 marginem
998 3703 1086 3762 reieci
1128 3703 1176 3759 ubi
1202 3719 1265 3761 cunr

163 3813 284 3887 utroque
297 3807 389 3886 Regio
402 3810 493 3866 minus
508 3807 655 3866 convenire
669 3805 800 3885 comperi,
827 3806 903 3864 locos
917 3805 971 3864 hoc
983 3805 1075 3864 indice
1088 3811 1141 3863 utr.
1153 3803 1224 3880 Reg.
1235 3802 1268 3882 *)

96 3895 104 3984 f
164 3912 323 3992 designavi:
354 3910 402 3969 ubi
419 3929 486 3970 vero
505 3927 593 3968 unum
610 3908 721 3979 illorum
737 3926 756 3967 a
775 3912 870 3968 textus
893 3907 1011 3966 lectione
1031 3907 1186 3982 discrepat,
1209 3907 1268 3984 pris

166 4036 239 4074 mum
257 4013 407 4075 numeralis
430 4013 574 4074 character
592 4010 728 4074 Arabicus
756 4013 773 4074 1
794 4010 942 4088 indigitat,
974 4011 1041 4074 ac2
1069 4004 1188 4066 alterurn
1208 4004 1265 4086 **).

211 4235 239 4305 *)
256 4251 325 4289 nunc
340 4231 396 4290 AB.

197 4324 237 4396 ”)
259 4323 460 4382 nuucAetB.
568 4313 570 4316 ’
681 4311 683 4315 ’
