3034 4916
277 311 355 385 278·
438 307 647 380 GRETSEBI
662 307 719 377 ET
737 306 870 378 notul
887 307 1223 393 conmunrmms

276 473 345 562 reb·
378 469 420 540 eb
435 464 526 528 πολλὰ
542 465 601 540 hc·
636 469 704 539 vele·
738 465 780 532 cb
801 462 834 524 tl
848 461 902 536 τήν
920 462 1063 538 τράπεζαν
1079 461 1187 592 etpost
1204 463 1305 534 otrus
1339 468 1379 536 sc,

276 563 311 599 rc
332 537 535 628 nctuzpdvcw,
549 535 650 610 ’ζαήη
668 533 799 661 stupens,
822 533 920 622 ὑγείαν
940 535 988 592 καὶ
1009 531 1101 623 poeno
1134 543 1379 612 scoriacwcpro-

277 611 368 670 ναέταν
386 611 465 682 ἡμων
481 605 619 664 δεσπότου
636 605 687 662 cccl
700 625 717 662 o
729 623 897 678 cccccccccc
912 623 1095 676 αατριαρχον.
1175 645 1179 654 .

362 706 391 766 p.
405 683 446 749 46
459 704 486 743 r.
495 685 526 748 2.
545 683 623 742 curius
634 681 772 762 lampadis
792 680 856 758 etc]
872 685 965 740 exstat
975 679 1003 740 T
1004 681 1120 740 heodori
1133 681 1310 742 Balsamonis
1323 703 1380 743 me-

278 773 335 832 lete
351 790 403 832 seu
425 768 592 846 disceptatio
611 766 647 826 de
665 767 719 826 hoc
736 785 814 826 more
829 766 990 844 imperatori
1014 767 1190 844 praeferendi
1201 767 1380 849 lampadem,

279 864 312 918 ut
329 862 359 915 et
371 854 540 935 imperatrici
558 859 588 914 et
601 853 724 930 quinque
747 851 925 933 patriarchis,
945 849 1075 910 Romano
1096 851 1250 934 cpolitano
1259 853 1381 916 Alexan-

278 942 361 1002 drino
388 939 565 1000 Antiocheno
600 937 864 1014 Hierosolymitano.
903 936 944 996 ait
977 937 1139 1016 imperatori
1170 939 1311 1018 duplicem
1343 941 1381 1001 oh

278 1045 392 1088 causam
423 1025 558 1104 praeferri
581 1022 756 1102 lampadem,
788 1028 849 1081 tum
880 1021 946 1099 quia
966 1021 1088 1081 humana
1112 1028 1174 1083 tum
1197 1025 1264 1100 quia
1287 1025 1381 1088 donc

279 1116 378 1189 curat,
399 1116 513 1186 tamque
533 1127 658 1186 eaquae
677 1109 715 1166 ad
741 1125 843 1187 corpus
868 1125 951 1184 quam
972 1126 1098 1184 eaquae
1120 1110 1158 1166 ad
1179 1110 1300 1168 animam
1318 1130 1382 1189 per-

279 1198 371 1257 tinent
387 1194 483 1276 (huius
503 1195 577 1254 enim
591 1193 717 1272 geminae
734 1192 885 1274 potestatis
902 1192 1079 1254 concessione
1104 1192 1322 1256 blandiebantur
1337 1215 1383 1256 re·

278 1283 417 1342 centiorcs
435 1281 537 1343 Graeci
553 1281 612 1339 suis
628 1277 866 1358 imperatoribus),
880 1296 968 1356 eaque
982 1279 1018 1336 de
1035 1297 1119 1338 causa
1133 1279 1277 1358 lampades
1294 1282 1383 1362 impe·

279 1367 381 1426 ratoris
407 1367 564 1447 duplicibus
588 1365 679 1424 aureis
704 1365 813 1422 coronis
835 1364 939 1422 cinctas
967 1381 1043 1437 esse3
1070 1363 1291 1444 patriarcharum
1314 1386 1383 1427 vero

278 1453 440 1532 lampades,
468 1457 553 1510 utet
578 1447 778 1529 imperatricis,
808 1467 865 1508 una
886 1453 1012 1525 tantum,
1038 1467 1073 1507 eo
1102 1450 1179 1525 quod
1207 1453 1384 1530 patriarchae

278 1537 466 1616 spiritualium
486 1535 682 1596 tantummodo
701 1552 795 1598 curam
814 1533 953 1612 habeant,
973 1531 1101 1592 mulieres
1123 1535 1291 1614 temporalia
1311 1538 1383 1598 dun·

280 1628 362 1686 taxat
373 1627 517 1700 spectent,
538 1621 644 1700 quippe
657 1618 758 1696 quibus
774 1619 803 1677 in
816 1619 931 1678 ecclesia
944 1619 1045 1680 docere
1057 1620 1237 1682 interdictum
1250 1623 1298 1684 sit.

366 1707 505 1770 Videntur
519 1716 614 1770 antem
627 1709 698 1768 baec
710 1727 795 1768 aurea
807 1707 851 1768 vel
863 1716 997 1786 argentea
1011 1705 1243 1788 στεφανώματα,
1265 1717 1300 1770 nt
1316 1709 1385 1770 Bal-

280 1815 380 1856 samon
405 1801 504 1875 vocat,
534 1801 565 1854 et
586 1787 798 1878 θριγγαὸματα,
826 1813 947 1854 coronae
971 1795 1002 1852 in
1023 1813 1129 1853 morem
1149 1787 1273 1874 lampadi
1298 1797 1385 1855 fuisse

281 1883 430 1961 imposita,
450 1881 495 1940 vel
510 1887 603 1960 certe,
625 1882 703 1958 quod
725 1873 935 1962 θριγγῶματος
955 1898 1059 1939 nomen
1079 1881 1174 1959 potius
1190 1882 1309 1958 suadet,
1329 1883 1385 1960 ipsi

279 1968 403 2045 lampadi
417 1966 600 2027 cancellorum
615 1986 666 2024 seu
686 1966 835 2044 sepimenti
851 1967 940 2025 instar
961 1965 1165 2044 circumposita
1186 1967 1269 2026 addit
1284 1967 1385 2026 Balsa-

281 2070 348 2111 mon
362 2052 416 2109 hoc
438 2053 513 2110 idem
530 2045 697 2131 προνὸμιον
713 2069 763 2108 seu
778 2049 952 2130 privilegium
976 2051 1148 2129 procedendi
1168 2069 1229 2111 cum
1253 2051 1384 2130 lampade

282 2155 444 2197 concessum
459 2137 545 2196 fuisse
558 2135 766 2215 archiepiscopo
780 2134 929 2215 Bulgariae
948 2141 978 2194 et
992 2127 1080 2216 Cypri
1100 2141 1130 2194 et
1150 2137 1245 2214 paucis
1268 2138 1384 2214 quibus-

282 2223 348 2281 dam
369 2222 608 2302 metropolitanis,
629 2227 658 2280 et
679 2226 791 2299 praeter
805 2220 858 2282 hos
879 2220 962 2296 nulli;
983 2227 1012 2280 et
1030 2221 1202 2302 patriarchas
1219 2241 1279 2281 non
1297 2225 1384 2284 modo

280 2307 309 2366 in
324 2327 376 2366 sua
395 2309 515 2366 dioecesi
531 2308 583 2365 sed
608 2311 639 2368 et
658 2311 737 2364 extm
753 2303 882 2385 lampade
900 2305 1021 2366 illustres
1037 2307 1171 2385 progredi
1185 2327 1287 2386 posse3
1307 2309 1385 2385 quod

280 2392 376 2452 multis
399 2392 461 2472 ipse
485 2395 618 2453 adversus
642 2390 819 2451 oblocutores
846 2394 985 2470 quosdam
1005 2392 1168 2472 confirmat,
1194 2411 1280 2472 quem
1307 2395 1385 2474 legat

281 2479 330 2558 qui
344 2477 420 2540 volet
430 2479 448 2539 l.
460 2483 479 2538 7
493 2479 566 2538 Iuris
578 2477 641 2540 GR.

350 2594 375 2646 p.
387 2575 422 2635 46
434 2594 459 2634 v.
471 2577 496 2630 2.
513 2571 670 2645 securiores
687 2575 807 2630 modulor
823 2577 873 2640 est,
891 2572 983 2628 cantici
998 2573 1115 2630 nimirum,
1126 2589 1217 2644 geum,
1234 2574 1268 2628 ad
1280 2575 1384 2630 alterim

260 2645 434 2716 ‘exemplaris
450 2646 525 2700 modo
551 2662 580 2700 re
603 2644 721 2698 habentis
743 2660 855 2700 normam
880 2639 1065 2712 τρεπόμενον,
1091 2643 1285 2699 decantandum.
1321 2647 1385 2700 baec

280 2714 437 2780 rooccolco
453 2714 608 2768 communior
624 2713 761 2783 expositio.
800 2713 864 2766 alias
887 2713 967 2768 insius
982 2712 1008 2764 in
1025 2713 1209 2782 Eucholcgicis
1233 2714 1385 2768 rettulimus.

280 2779 399 2851 normale
422 2801 498 2853 porto
522 2782 579 2837 τῶν
599 2781 762 2850 τροπαρίων
777 2782 923 2836 Antbimum
943 2786 971 2835 et
987 2781 1128 2836 Timoclem
1146 2791 1272 2838 memorat
1292 2778 1384 2838 Theo·

284 2852 381 2922 phanes
400 2858 427 2904 et
448 2851 581 2906 Codrenus
597 2852 625 2904 in
641 2851 728 2906 Locum
745 2853 771 2906 1.

348 2921 411 2974 ibid.
433 2918 513 2989 δόξα]
537 2922 628 3008 supple
652 2920 765 2990 reliqua:
796 2913 883 2985 πατρὶ
904 2915 954 2972 καὶ
978 2911 1035 2990 cipi
1059 2915 1109 2972 καὶ
1139 2912 1210 2991 ἁγίῳ
1235 2913 1383 2988 πνεύματι.

281 2995 341 3058 post
357 2985 407 3040 cccl
424 2990 475 3042 νῦν
492 2987 541 3043 καὶ
559 2988 607 3042 cccl
622 2987 687 3042 adde
704 2986 753 3042 cccl
768 2984 809 3049 εἰς
825 2982 891 3050 τοὺς
909 2983 1015 3049 αἰῶνας
1031 2988 1088 3040 τῶν
1107 2984 1228 3042 αἰώνων.
1265 2985 1350 3058 ἀμήν.

350 3058 385 3108 ih.
399 3075 426 3113 v.
446 3059 472 3112 3.
496 3055 532 3111 ori
555 3055 704 3127 audiisset]
727 3057 864 3111 modulatis
886 3057 1011 3125 varieque
1029 3056 1104 3110 flexis
1128 3065 1218 3112 cantus
1241 3058 1312 3111 sonis
1336 3073 1384 3111 uon

280 3125 426 3179 decurritur
443 3126 586 3199 pslpdciez
610 3126 657 3180 sed
680 3143 744 3182 voce
767 3126 901 3210 continua,
929 3123 1021 3196 χύμα,
1045 3133 1074 3182 ut
1094 3126 1199 3198 scripsit
1223 3127 1382 3196 Pbilotheus,

394 3190 402 3210 Ι

278 3189 506 3264 α’ναγινωααεται.

365 3285 402 3344 ab.
417 3305 443 3344 r.
462 3285 491 3350 5·
532 3303 594 3344 mos
620 3285 675 3343 iste
706 3283 851 3344 accinendi
876 3281 1092 3360 imperatoribus
1120 3279 1156 3347 cd
1184 3280 1385 3367 πολυχρόνιον

279 3372 310 3427 et
324 3368 494 3436 acclamandi
508 3371 552 3444 εἰς
569 3366 664 3432 rcclld
680 3368 730 3450 ἔτη
745 3369 860 3430 Graecis
880 3369 963 3430 valde
981 3369 1113 3445 frequens
1127 3371 1201 3449 init,
1223 3377 1257 3430 nt
1272 3373 1384 3450 saepius

279 3455 399 3533 posthac
416 3474 450 3514 ex
463 3455 575 3514 Codino
588 3456 792 3535 intelligemus,
812 3470 895 3532 quem
910 3453 1054 3530 eleganter
1076 3455 1209 3531 describit
1231 3457 1385 3537 corippus,

279 3541 348 3600 dum
364 3540 507 3617 quomodo
524 3541 634 3600 Iustino
651 3541 757 3601 Iuniori
775 3535 810 3602 cd
833 3533 1034 3619 πολυχρόνιον
1047 3539 1229 3602 acclamatum
1249 3543 1304 3621 sit,
1324 3562 1385 3602 ver·

278 3626 356 3685 sibus
379 3626 520 3705 explicat,
541 3629 577 3685 de
594 3626 723 3685 laudibus
743 3625 846 3685 Iustini
868 3629 883 3686 1
906 3625 969 3688 202
993 3631 1023 3684 et
1043 3625 1124 3703 356,
1144 3627 1245 3691 2165
1266 3634 1296 3687 et
1315 3629 1384 3690 308.

171 3729 194 3782 P
211 3730 264 3786 216
363 3711 524 3791 Nicephoro
538 3711 649 3771 Phocae
661 3713 751 3772 factas
765 3709 976 3770 acclamationes
986 3710 1110 3768 suaviter
1125 3712 1278 3771 admodum
1288 3712 1386 3771 irridet

183 3869 186 3880 Α
279 3794 474 3876 Luitprandus
501 3797 530 3855 in
554 3797 696 3876 legatione
721 3817 773 3856 sua
798 3796 964 3874 Cpolitana,
991 3794 1110 3872 loquens
1144 3799 1180 3856 de
1206 3797 1386 3876 processione

280 3881 392 3942 Phccae
409 3903 444 3942 ex
461 3882 566 3961 palatio
580 3885 619 3944 ad
632 3889 759 3944 sanctam
776 3881 912 3961 Sophiam
926 3877 1029 3958 (Leon.
1046 3879 1163 3942 Diacon.
1181 3903 1209 3962 p.
1231 3884 1275 3942 ed.
1292 3883 1385 3942 Bonm

280 3967 364 4048 347).
385 3968 466 4026 multi
480 3969 606 4045 profecto
625 3970 654 4028 in
675 3969 719 4027 his
736 3965 980 4028 acclamationibus
1003 3963 1099 4028 noted
1123 3967 1172 4044 ἔτη
1193 3969 1387 4048 apprecaban·

279 4056 343 4128 tur,
365 4055 467 4127 quibus
478 4054 546 4111 nihil
560 4055 708 4112 iucundius
721 4054 846 4112 accidere
860 4051 1001 4130 potuisset
1021 4070 1105 4127 quam
1126 4053 1150 4110 si
1167 4054 1321 4132 imperator
1338 4053 1385 4111 illo

279 4136 342 4214 ipso
358 4139 413 4214 die,
435 4138 503 4213 quin
518 4145 549 4197 et
560 4138 608 4198 illo
618 4145 771 4215 momento,
792 4136 939 4216 repentina
955 4143 1046 4195 morte
1064 4139 1218 4196 exstinctus
1234 4140 1343 4198 suisset.

365 4220 546 4282 Acclamandi
568 4243 630 4284 mos
653 4230 735 4284 vetus
763 4230 823 4300 est,
850 4222 1032 4298 manavitque
1054 4242 1089 4281 ex
1114 4223 1231 4286 theatris
1257 4224 1385 4300 infore,

281 4305 385 4368 deinde
398 4307 482 4382 etiam
497 4309 527 4368 in
539 4316 685 4388 senatum3
705 4311 771 4372 hinc
785 4311 823 4372 ad
837 4308 1061 4403 Christianorum
1073 4312 1208 4386 synodos.
1229 4307 1385 4390 exemplum
