3016 4906
294 322 367 395 aaa
452 320 658 398 caarsmu
671 321 725 396 ar
740 320 873 432 coam
889 319 1218 406 connnnnnrus

292 483 398 572 pelvem
420 477 439 553 ἢ
464 479 596 554 θυγάτηρ
621 477 782 550 Ἡρακλείου
807 477 863 538 ὕπὸ
888 480 1007 552 Σερχίοο
1032 477 1153 551 πατριοῖρ
1172 498 1206 535 ον
1231 476 1379 551 Advocato.

291 573 309 607 ε
329 549 489 618 Ἡράκλειος
514 549 612 621 ἔγημεν
635 555 786 620 Μαρτίναν
806 549 855 607 καλ
879 547 1063 620 ἀνηγόρευσεν
1099 498 1187 619 ericiis
1214 546 1380 620 Αίχοῦσταν,

293 625 460 689 dramdalach
476 617 532 678 ὑπὸ
550 623 667 691 Σερχίου
683 616 864 691 πατριάρχου.
900 623 1030 688 Augustae
1047 636 1123 690 porro
1139 637 1189 672 non
1200 638 1380 690 usquequaque

292 709 411 744 coronam
438 690 463 744 iu
490 690 597 744 ecclesia
626 691 799 778 suscipiebant
831 690 963 756 coniugum
992 689 1034 741 vel
1066 688 1264 757 patriarcharum
1296 707 1379 758 opere,

293 753 417 828 ίστέφθη
435 761 554 828 siquidem
572 759 718 827 Προκοπια
734 756 876 829 Αδχοῦστα
893 751 923 812 ἐν
936 757 976 829 τῷ
992 758 1118 826 τρικλίνῳ
1131 758 1181 810 τοῦ
1197 753 1379 824 Αὕχουστέυς.

291 829 383 881 ibidem
402 829 486 882 Maria
502 829 595 882 heonis
610 829 691 882 Isauri
708 829 799 880 coniux
817 828 872 910 pari
886 829 984 910 honore
998 826 1148 910 ipsignitur,
1165 845 1201 909 ετ
1217 827 1380 896 Theophane,

291 895 1379 1034 :altaaltatl”ttlntt‘tl,‚ltlhllll‘llllallnttlllt

291 1053 350 1106 gem
371 1036 516 1087 honestasse
532 1035 701 1093 Domitianum
719 1035 870 1104 principem,
888 1042 1001 1087 senatum
1018 1033 1125 1086 eundem
1141 1034 1261 1088 honorem
1278 1032 1381 1091 Adriani

291 1104 394 1172 coniugi
409 1103 544 1170 detulisse,
563 1105 631 1174 apud
648 1105 789 1174 Georgium
805 1104 953 1172 syncellum
970 1103 1037 1175 lego.

360 1206 423 1260 thid.
459 1200 509 1274 οὐχ
525 1199 624 1273 ὅμοιον
638 1205 681 1277 aqi
704 1188 755 1259 τοῦ
772 1199 909 1277 βασιλέως]
930 1203 983 1262 imo.
1002 1205 1112 1260 adversa
1132 1220 1200 1274 pene
1215 1203 1299 1256 torma
1314 1220 1379 1257 oom-

1484 889 1485 948 l

1484 949 1485 988 l

291 1277 403 1344 pactum.
421 1292 470 1326 non
488 1275 552 1327 enlm
569 1275 700 1343 globosum
718 1281 869 1342 attactum,
892 1273 939 1326 scd
957 1275 1057 1342 planum
1080 1279 1108 1324 at
1130 1276 1259 1340 apertum,
1287 1290 1319 1325 ae
1343 1271 1378 1324 ln·
1484 1203 1485 1280 1

291 1345 342 1394 tius
360 1345 470 1396 nonnihil
484 1361 593 1413 superne
609 1343 774 1413 imperatricis
790 1352 895 1395 stemma
908 1343 934 1394 in
959 1343 1042 1412 Regio
1064 1358 1102 1395 ms
1126 1340 1322 1408 Sanclonysiael
1336 1341 1377 1392 de-

292 1412 388 1480 pictum
403 1420 460 1478 est,
478 1429 559 1480 eoque
575 1420 711 1465 memorata
734 1411 848 1476 Helene,
872 1410 998 1463 coloribus
1023 1409 1165 1473 delineata,
1190 1411 1264 1461 v'elut
1284 1410 1379 1478 Cybele

292 1481 386 1534 turrita
403 1498 496 1539 corona
511 1479 649 1535 redimitur.
668 1477 838 1548 enuncientur,
853 1497 926 1544 seor,
946 1496 962 1533 a
982 1481 1065 1532 forma
1088 1495 1166 1548 quam
1184 1479 1281 1544 refert,
1307 1490 1379 1530 vocat

292 1549 401 1603 Nicetes
418 1549 503 1605 alexii
518 1549 587 1604 tertii
605 1549 622 1603 l.
644 1552 678 1608 la,
690 1546 869 1616 προεκάθητο
886 1550 1015 1616 λαμπρῶς
1037 1541 1267 1632 διεσκευασμίννχ,
1291 1546 1378 1608 λίθοις

292 1633 323 1670 τε
339 1616 386 1668 καλ
402 1615 554 1685 pappolenus
570 1613 718 1686 διαφανέσι
733 1612 768 1674 τὰ
788 1612 943 1685 τυμπάνιον
958 1613 1136 1686 ducatores,
1151 1613 1199 1674 acl
1215 1634 1266 1678 τον
1282 1612 1377 1688 τράχη-

293 1688 342 1738 λον
353 1682 492 1754 ὁρμίσκοις
505 1686 664 1755 πολυτίμοις
680 1683 916 1758 διαλαμβάνουσα.
1225 1706 1227 1714 s

360 1804 387 1863 p.
399 1789 433 1848 92
451 1807 476 1843 v.
488 1790 515 1844 9.
535 1784 707 1857 ὁμολογοῦσα
724 1784 774 1841 διὰ
789 1789 838 1860 τῆς
854 1783 1077 1856 προσκυνήσεως]
1094 1787 1132 1839 lta
1145 1785 1288 1840 Mauricius
1302 1801 1319 1838 a
1334 1783 1377 1836 Τῖ-

290 1855 361 1908 herio
378 1875 462 1911 coram
479 1857 625 1926 patriarcha·
639 1864 666 1909 et
681 1864 771 1910 senatu
789 1864 924 1911 coronatus
941 1857 1073 1910 confestim
1089 1855 1124 1908 ad
1147 1855 1226 1925 pedes
1250 1855 1306 1907 eius
1323 1871 1377 1923 pso-

291 1925 355 1977 cidit
378 1932 405 1978 et
430 1944 474 1979 eos
497 1926 671 1989 exosculatur,
694 1927 762 1995 apud
782 1927 957 1980 Simocattam»
992 1924 1100 1977 Basilius
1125 1941 1226 1994 quoque
1248 1922 1377 1976 Michaelis

291 2011 363 2046 manu
387 1994 483 2047 iamiam
505 1994 602 2064 imperii
625 2011 741 2046 coronam
762 2003 927 2062 suscepturus
953 1988 1045 2065 βαλὼν
1067 1989 1118 2062 τὴν
1139 1989 1266 2063 χλαμύδα
1287 1987 1379 2046 ἔπεσεν

291 2059 331 2122 είς
346 2057 415 2124 code-
426 2060 516 2126 πόδας
531 2064 582 2116 τοῦ
601 2058 732 2134 βασιλέως
747 2072 776 2115 ut
792 2065 874 2116 reiert
890 2065 943 2116 heo
962 2063 1157 2118 Grammaticus.

372 2179 409 2239 ib.
430 2173 455 2236 i.
478 2177 525 2242 15.
560 2177 587 2238 el
606 2173 640 2239 δὲ
662 2177 779 2262 σαμβῇλ
800 2179 824 2235 si
840 2178 988 2256 contigerit
1004 2178 1200 2256 imperatorem
1220 2181 1306 2234 antea
1320 2193 1379 2232 esse

290 2267 470 2337 coronatum,
498 2268 647 2321 coronatur
669 2263 829 2341 imperatrix
848 2283 865 2322 a
891 2263 1006 2348 proprio
1031 2264 1131 2320 marito
1148 2268 1178 2320 et
1195 2261 1375 2341 imperatore3

289 2347 388 2404 eodem
403 2348 487 2406 modo
504 2354 572 2407 tunc
589 2349 701 2425 quando
716 2349 763 2406 illa
781 2347 810 2406 in
831 2368 944 2409 uxorem
968 2348 1053 2410 ducta
1073 2347 1233 2426 nuptiarum
1257 2346 1377 2404 solennia

289 2430 417 2493 celebrat.
458 2438 489 2492 at
505 2434 530 2490 si
547 2453 581 2492 eo
599 2453 659 2509 quo
677 2435 795 2492 mimus
812 2440 896 2512 pacto
913 2433 1041 2510 eueniat„
1060 2439 1144 2509 tuuc,
1165 2437 1321 2510 postquam
1329 2431 1375 2487 im·

287 2522 401 2592 perator
414 2537 503 2575 novus
521 2537 599 2577 suam
615 2518 761 2595 coniugem
776 2523 805 2576 et
823 2519 1025 2600 imperatricem
1047 2518 1206 2594 coronavit,
1233 2516 1281 2574 illa
1303 2535 1375 2589 vero,

287 2607 320 2658 nt
340 2602 445 2660 dictum
464 2608 524 2680 est,
542 2604 677 2662 honorem
693 2609 726 2662 et·
738 2605 919 2664 reverentiam
937 2601 1051 2678 habuit,
1071 2603 1227 2660 ascendunt
1245 2601 1327 2659 simul
1349 2600 1375 2656 iu

287 2687 469 2744 anabathram
484 2705 534 2745 seu
554 2688 725 2765 tabulatum,
746 2707 897 2764 rursusque
913 2687 1060 2747 consident
1076 2687 1106 2744 in
1127 2706 1179 2744 suo
1197 2686 1308 2745 throno.
1348 2689 1375 2742 et

290 2771 362 2828 haec
376 2773 569 2848 interpretatio
592 2773 769 2832 confirmatur
789 2793 824 2832 ex
843 2773 860 2831 l.
881 2779 898 2835 1
916 2773 1028 2831 loannis
1044 2761 1254 2848 'Cantacuzcnh
1274 2771 1375 2845 inquo

290 2855 362 2912 hanc
385 2857 560 2934 imperatoris
581 2858 765 2934 inaugurandi
789 2864 818 2916 et
844 2859 1025 2937 imperatricis
1046 2858 1222 2916 coronandae
1241 2874 1374 2914 meremo-

183 2951 206 3002 P
223 2949 276 3006 256
294 2940 369 2998 uiam
379 2941 481 3002 iisdem
496 2943 580 3003 ferme
594 2944 686 3004 verbis
704 2943 805 3020 quibus
822 2943 995 3021 Curopalata
1012 2942 1160 3004 describite
1174 2943 1215 3002 ait
1235 2942 1323 3002 enim:
1350 2939 1376 3001 εί

292 3022 325 3085 δὲ
347 3027 448 3106 συμβῇ
464 3027 698 3108 προεστεμμίνον
713 3023 791 3089 εἶναι
810 3025 862 3090 τόν
876 3027 998 3108 βασιλέα
1012 3025 1062 3089 ἐπὶ
1075 3032 1129 3104 τῆς
1141 3030 1201 3088 τοῖν
1213 3023 1319 3108 χάμαν
1331 3047 1374 3086 τε·

292 3113 391 3187 λιτῆς,
417 3107 589 3188 δβασιλεύς
611 3108 667 3188 τὴν
686 3111 767 3172 ἰδίαν
783 3107 925 3185 duodenae
946 3109 1046 3190 στέφει
1068 3117 1211 3191 γυναῖκα,
1239 3103 1375 3183 aeldredi

291 3188 456 3272 οίμφότεροι
481 3193 530 3256 tal
554 3192 610 3276 τήν
632 3189 814 3276 α’ναβοίθραν
840 3203 902 3282 cte)
944 3216 996 3255 nec
1018 3196 1089 3254 illud
1107 3196 1309 3272 omittendum,
1330 3195 1374 3252 ubi

291 3279 463 3357 curopalate
480 3280 566 3342 habet
580 3277 708 3358 σάκκον,
735 3281 776 3343 ihi
795 3283 872 3362 apud
891 3282 1118 3344 Cantacuzenum
1138 3281 1193 3359 legi
1207 3275 1373 3361 πορφύραν,

289 3370 321 3422 ut
342 3385 364 3421 o
386 3366 423 3428 17
451 3361 585 3427 ἐνδύεται
607 3359 708 3429 ἐπάνω
737 3369 793 3428 τοῦ
807 3363 934 3445 σοίκκοο,
955 3369 1183 3426 Cantacuzenus:
1206 3360 1374 3448 περιβάλλε-

289 3471 337 3510 ται
354 3441 492 3527 μανδιίαν
506 3455 638 3529 χρυσοῦν
654 3451 702 3514 ἐπὶ
721 3447 756 3514 τί
771 3446 906 3532 διάδημα
917 3450 969 3513 καὶ
984 3449 1040 3530 τήν
1057 3447 1228 3532 πορφύραν.

230 3639 232 3644 ⁴
288 3571 427 3694 mli?
440 3571 1374 3712 {hildim,iiiiiiui'iihhiiifhhiiiiitihiisshch‘ih

287 3710 331 3794 vel
348 3709 412 3763 alias
429 3709 526 3779 quivis,
545 3703 668 3778 ἐμίλιταν
683 3706 825 3779 ποιήματα
846 3705 916 3764 καθ’
937 3709 1053 3766 inactus
1069 3700 1139 3782 ἦχον
1154 3705 1225 3779 πρὸς
1239 3703 1373 3778 εὐφημίαν

289 3779 394 3848 αυτῶν,
411 3774 628 3848 πᾶσανὴδονὴν
642 3781 787 3841 κολακείας
801 3775 966 3850 παρέχοντα.

372 3887 409 3944 ib.
431 3905 456 3944 v.
482 3887 530 3946 10.
559 3883 680 3962 metaxa]
710 3885 828 3946 Suidas:
862 3881 969 3966 σηρικοί
990 3882 1012 3966 ἡ
1030 3879 1139 3967 μὲταξοί
1160 3883 1258 3954 ἐστιν,
1286 3881 1315 3955 ἐξ
1334 3870 1371 3959 ἧς

289 3963 449 4031 είσίθεισαν
469 3965 524 4048 τήν
538 3967 650 4049 ἐσθῆτα
671 3967 861 4050 ἐργάζεσθαι,
889 3967 930 4050 ἣν
952 3965 1046 4034 ποίλαι
1060 3966 1262 4050 μὲνἝλληνες
1276 3967 1371 4044 Meda-

287 4049 346 4124 eric
363 4051 498 4128 ἐκάλουν,
519 4050 552 4117 cd
564 4050 597 4118 dh
611 4057 668 4116 νῦν
684 4051 811 4135 σηρικὴν
825 4047 1015 4136 ὀνομάζουσι.
1056 4057 1121 4114 hinc
1134 4057 1310 4114 mclcccricus
1324 4069 1370 4108 ne-

287 4137 410 4212 gotiator
432 4147 565 4200 metaxae.
607 4139 703 4198 scribit
723 4139 898 4218 Nicephorus
923 4143 962 4204 17
985 4147 1026 4207 82
1046 4147 1183 4199 metaxam
1201 4135 1370 4197 demumsub

288 4221 442 4280 Iustiniana
462 4225 629 4302 imperatore
650 4225 761 4303 Cpalim
782 4224 894 4284 allatam
914 4245 983 4286 esse.
1024 4227 1080 4284 huc
1093 4227 1166 4284 adde
1180 4218 1317 4300 ἐξαίμιτον
1329 4218 1370 4277 vel

289 4301 421 4386 ζᾶμιτον,
442 4316 555 4369 mamm.
597 4309 680 4370 etiam
693 4309 788 4370 Latini
801 4319 978 4392 usurparunt.
1018 4312 1048 4371 iu
1063 4311 1201 4371 Chronico
1214 4306 1370 4367 Sclavorum
