2958 4918
478 301 523 370 IN
551 305 701 374 coum]
726 306 813 374 CAP.
838 307 866 378 l.
1058 333 1062 341 ·
1157 315 1230 392 159

114 479 229 532 νοντας,
248 459 299 517 ἵνα
315 460 489 528 scilianus
506 460 555 520 aad
571 459 721 536 olusianus
741 462 872 526 adesam
908 465 1074 545 ὅδενανός,
1091 473 1141 532 ἵνα
1157 479 1230 548 καὶῆ

113 528 185 594 τοὺς
202 527 287 599 lenate
304 527 413 618 tlsydp
435 528 529 589 αὐτῶν
552 533 718 605 δικαιώμασι
740 535 789 594 aui
812 538 1037 610 προσφερώμασι.
1073 533 1228 620 ducatori-

114 604 184 671 νλης
201 600 251 656 ἵνα
270 601 361 678 deora
378 619 412 658 ro
428 602 583 662 δικανίκιον
599 607 652 660 τσῦ
667 602 831 684 ἀρχιερέως,
847 604 920 668 ὅταν
935 615 1100 688 περιπατῇ]
1182 683 1187 708 ‚

557 823 765 841 a*

423 1081 917 1169 CAPUTXIII.

201 1331 230 1390 p-
244 1315 265 1378 6
279 1330 306 1373 v.
321 1313 370 1377 12.
396 1262 439 1373 lu
456 1331 532 1376 nona
546 1320 670 1396 peutade
688 1322 792 1400 primas
809 1323 890 1380 tenet
903 1320 1073 1383 domesticus
1087 1324 1149 1386 τοῖν
1163 1328 1224 1388 do-

112 1401 199 1478 ρῶν,
222 1403 372 1482 ρταεῙεοΐιιι
396 1408 509 1484 ianuae,
539 1407 639 1466 tertius
668 1409 798 1468 nimirum
826 1413 967 1470 ostiarius:
999 1429 1065 1470 nam
1087 1412 1116 1470 iu
1143 1418 1226 1472 sexto

112 1486 245 1560 quinario
271 1489 343 1548 duos
366 1491 538 1552 enumeravit
563 1493 706 1572 cedinus,
733 1500 764 1553 et
788 1495 894 1554 Citrius
915 1501 974 1554 tres
997 1497 1127 1556 ostiarios
1150 1498 1227 1558 inter

111 1571 247 1631 officiales
260 1575 461 1636 ecclesiasticos
478 1578 621 1652 nominat3
650 1598 770 1656 quorum
791 1582 892 1641 tertius
910 1581 956 1642 hic
972 1583 1074 1641 forium
1089 1582 1226 1643 domesti-

110 1675 165 1715 cus
179 1677 229 1717 sen
247 1679 378 1740 praeses,
398 1681 456 1727 unc
470 1662 556 1721 verbo
576 1667 684 1752 ianitor.

185 1772 260 1826 Sacri
284 1775 419 1832 uihaualis
448 1779 518 1832 fores
548 1776 710 1832 subdiaconis
738 1778 927 1834 commendatas
958 1783 1067 1834 testatur
1095 1779 1225 1836 Maximus

111 1839 273 1928 in'Dionpsii
290 1843 324 1896 de
341 1847 405 1899 eccl.
426 1847 532 1900 Hierar.
553 1865 575 1900 c
593 1849 625 1902 8:
658 1846 823 1970 uppalonda,
853 1847 950 1920 inquit,
977 1841 1022 1903 ὅτι
1046 1843 1078 1902 οἱ
1093 1845 1226 1904 διάκονοι

37 1955 43 1960 .
111 1926 180 1963 τοτε
196 1929 246 1972 τας
262 1909 356 1982 θύρας
380 1909 471 1984 εἶχον,
496 1915 548 1970 νῦν
572 1911 604 1969 δὲ
628 1911 659 1969 ol
692 1915 868 1976 rodoniacum.
904 1917 1063 1987 suffragatur
1078 1918 1222 1974 Thessalo-

112 1978 228 2034 nicensis
248 1983 349 2050 praaud
368 1983 488 2038 Simeonr
515 1980 649 2052 φυλάσσει
667 1980 752 2054 ahod
776 1979 969 2049 daodtoiaovoc
984 1981 1036 2050 τὰς
1060 1983 1151 2050 πύλας
1172 1981 1226 2050 soie

113 2043 212 2116 leode,
228 2047 277 2102 ἵνα
293 2047 333 2120 μή
350 2070 392 2115 τις
409 2055 466 2108 τῶν
482 2048 606 2118 ἀναξίων
625 2049 709 2110 ἔνδον
727 2049 851 2126 εἰσέλθῃ.
885 2072 942 2110 earu
959 2055 994 2110 ob
1005 2073 1059 2110 ram
1073 2057 1170 2110 soleam
1182 2057 1223 2110 lo-

111 2133 173 2168 sum
191 2117 222 2170 ad
242 2136 330 2174 sacras
346 2122 436 2176 altaris
455 2125 527 2177 iores
537 2123 632 2188 situm,
655 2123 688 2178 de
700 2140 751 2193 quo
763 2140 820 2176 cum
831 2131 936 2178 sucuro
947 2143 972 2181 c.
986 2127 1035 2194 17,
1062 2125 1225 2179 subdiaconis

110 2185 306 2257 lectoribusque
316 2207 364 2243 ceu
375 2209 422 2260 pro
441 2191 505 2244 riam
522 2192 609 2245 sedeur
625 2193 861 2248 Thessalonicensis
872 2193 939 2247 idam
959 2194 1087 2262 assignate
1103 2187 1226 2248 duodeu-

115 2249 229 2339 advoco,
244 2255 295 2343 apd
319 2255 411 2328 ἄναγν
451 2279 502 2324 τας
519 2262 672 2330 καθῆσθαι
684 2255 737 2331 χρὴ
757 2258 863 2326 ἔξωθεν
880 2263 933 2315 τοῦ
950 2258 1075 2334 βήματος
1090 2260 1156 2332 περὶ
1172 2256 1225 2316 τὸν

110 2327 236 2394 auitas,
262 2321 294 2389 ds
316 2325 352 2397 δὴ
378 2329 455 2400 βῆμα
475 2333 602 2384 καλεῖται
624 2325 818 2399 doapvoooroiv.
852 2331 922 2383 inter
943 2331 1116 2384 subdiaconos
1138 2337 1226 2385 autem

110 2394 157 2446 vel
168 2393 279 2448 lectores
296 2398 479 2466 antesignanus
490 2399 551 2464 ille,
575 2398 616 2452 cui
636 2415 685 2452 ceu
695 2399 790 2469 potiori
800 2415 888 2453 aarum
899 2400 1087 2454 commendatur
1097 2399 1226 2466 custodia,

113 2461 174 2516 iura
185 2465 276 2518 merito
289 2465 350 2519 mihi
361 2462 524 2537 δομέστινος
541 2467 597 2522 τῶν
613 2469 713 2538 θυρῶν
723 2473 893 2539 nuncupetur.

197 2570 265 2631 ibid.
306 2572 444 2650 Sequitur
468 2573 652 2634 clamatoriae
658 2617 667 2648 ,
689 2573 739 2649 qui
760 2572 847 2651 longe
868 2572 996 2631 diversus
1013 2591 1033 2631 a
1052 2570 1225 2651 chartophy-

108 2652 189 2727 lace3
205 2662 236 2714 et
249 2656 346 2735 inepte
368 2665 487 2720 vocatur
507 2657 710 2736 chartophylax
730 2659 931 2735 chartularius,
953 2664 1094 2738 utsupra
1108 2658 1224 2718 dictum.
1298 2668 1301 2672 ’

107 2740 220 2799 Citrius
255 2759 315 2800 nou
342 2761 430 2802 uuum
460 2746 512 2803 sed
548 2743 643 2822 plures
668 2744 766 2823 ponit:
800 2761 867 2802 uam
900 2743 1021 2802 lectores
1056 2761 1224 2802 enumerans

106 2825 230 2887 collocat
256 2827 330 2887 iuter
353 2828 416 2888 illos
436 2830 670 2911 χαρτουλαρίονς
694 2833 749 2910 τῆς
767 2823 898 2910 μεγάλης
917 2826 1062 2909 oculitur
1090 2827 1143 2892 sal
1166 2831 1226 2892 τοῦ

106 2915 370 2989 daemonicolas,
386 2915 564 2975 chartularios
584 2933 699 2990 maguae
719 2914 833 2974 rocellae
851 2922 877 2974 et
894 2915 1092 2994 sceuophylaoa'i
1108 2932 1160 2973 seu
1174 2934 1224 2974 ar-

107 2999 194 3056 snarir'
209 3015 351 3073 ausorum,
382 3001 476 3077 inquit
494 3000 667 3059 Bonefidius.
697 2999 843 3058 docuimus
862 2999 918 3059 iam
942 3019 1030 3078 supra
1049 3019 1078 3079 p.
1105 3001 1165 3063 123
1186 3017 1223 3058 ex

106 3080 280 3141 Balsamoue
307 3101 356 3142 eos
375 3087 430 3162 .qui
453 3084 678 3163 chartophylaci‚
710 3084 924 3163 sceuophylaci,
955 3103 1060 3164 magno
1082 3082 1226 3144 sacellario

108 3167 326 3228 subserviehant
346 3174 483 3246 tanquam
503 3171 676 3247 administri,
697 3169 857 3248 appellatos
879 3188 942 3230 esse
965 3169 1163 3242 cantatam,
1184 3170 1227 3229 ita

107 3258 143 3310 ut
155 3252 316 3314 chamrdarii
331 3253 379 3314 isti
399 3256 467 3316 nihil
485 3256 561 3316 aliud
584 3255 690 3315 fuerint
713 3273 799 3330 quam
822 3251 1017 3336 σνμμερισταὶ
1030 3257 1096 3318 ’τοῦ
1116 3249 1227 3330 κόπον,

107 3337 381 3415 iehammenna,
409 3347 443 3400 ut
462 3341 614 3401 Balsamon
639 3341 775 3419 loquitur.
802 3358 856 3400 nec
882 3341 942 3400 scio
972 3358 1058 3419 quam
1079 3346 1148 3421 apte
1169 3339 1226 3402 huo

108 3425 233 3500 quadret
245 3427 404 3502 registrotor
412 3425 496 3486 Iunii.
903 3477 905 3482 ,

193 3525 256 3586 Nec
276 3523 386 3586 Latinis
407 3527 592 3588 chartularius
610 3526 727 3606 ignotus
747 3526 815 3585 fiat:
836 3543 903 3584 nam
929 3525 960 3602 S‚
982 3523 1138 3606 Gregorius
1163 3525 1182 3586 i.
1205 3529 1224 3592 1

106 3611 192 3690 epist
206 3611 249 3677 75
266 3613 304 3670 ad
319 3613 467 3692 episcopos
480 3611 631 3673 Numidiae
650 3613 775 3672 scribens
798 3612 926 3670 nominat
945 3611 1088 3672 Hilarium
1110 3613 1225 3671 chodu-

105 3699 209 3758 lan'am
227 3717 321 3770 mam,
342 3700 391 3773 qui
412 3700 442 3758 in
467 3697 592 3758 Africam
614 3716 632 3756 a
660 3699 877 3776 praedecessore
903 3696 934 3755 S.
964 3697 1096 3775 Gregorii
1114 3698 1224 3758 ,missus

103 3783 185 3842 sedis
200 3780 382 3860 Apostolicae
401 3782 464 3844 loco
481 3803 581 3844 causas
603 3781 804 3842 ecclesiasticas
826 3781 1016 3861 cognoscebat
1035 3787 1066 3840 et
1088 3789 1225 3858 tanquam

104 3869 193 3928 iudex
212 3868 362 3928 dirimebat
382 3874 413 3928 et
431 3870 590 3943 iudicabat;
610 3868 778 3950 mansitque*
793 3869 824 3926 iu
846 3867 946 3927 eodem
967 3867 1059 3925 officio
1077 3866 1107 3924 ia
1126 3864 1224 3926 dirim

104 3954 194 4014 etiam
210 3953 264 4012 sub
287 3953 417 4031 Gregorii
443 3957 540 4032 magui
560 3954 743 4035 pontificatu,
774 3953 853 4012 cuius
879 3952 941 4031 ipse
962 3951 1022 4008 suis
1042 3951 1071 4008 iu
1093 3951 1222 4029 epistolis

103 4040 206 4100 crebro
223 4039 357 4098 meminit
380 4058 477 4102 verum
490 4039 674 4100 chartulanus
688 4038 791 4098 Cadini
807 4038 895 4115 longe
914 4035 1052 4094 inferioris
1067 4036 1173 4096 ordinis
1188 4043 1231 4100 eta

104 4125 255 4204 digmtatis
269 4130 345 4201 erat,
366 4124 440 4184 inter
454 4125 574 4186 lectores
586 4127 717 4188 nimirum
729 4124 918 4203 constitutas,
932 4125 964 4178 et
979 4119 1218 4200 antepenultimas

103 4213 135 4270 iu
154 4210 253 4270 ultima
266 4211 399 4290 pentade.

191 4310 281 4372 Porro
295 4309 465 4393 cumplures
479 4309 583 4373 fuerint
596 4308 772 4392 chartularii,
791 4316 825 4372 ut
842 4307 950 4371 Citrius
965 4323 1098 4386 expresse
1110 4306 1219 4389 scribit,
