2942 4916
459 333 505 402 uu
524 327 672 404 coum
700 335 784 404 car.
815 335 873 404 ur.
1006 410 1007 414 ρ
1102 427 1104 437 J
1146 341 1221 412 aaa

117 473 222 550 missum
240 495 266 550 in
283 495 339 552 eins
354 494 410 550 vita
426 487 549 552 nouauit.
583 513 682 570 eaque,
698 511 749 570 qua
765 498 903 570 descripsi,
921 499 940 554 li
1022 496 1149 555 macidane
1159 495 1224 556 ilo-

116 563 266 634 μοίργαρου
292 567 428 635 Gregorae
444 574 472 620 et
495 565 661 636 Chalcondyli
686 569 798 622 nonnulli
822 569 885 623 editi
906 587 938 624 eo
957 571 1010 624 icen
1032 571 1222 626 demensnantr

117 635 274 718 eademque,
298 637 320 688 si
338 653 498 718 ‘gemmarum
522 637 646 705 grandine
668 646 913 708 conspergerentur,
936 640 1057 692 usitatum
1073 639 1121 692 sibi
1137 657 1226 712 καμη-

116 706 234 792 {wacca
251 705 520 790 succrescentium
537 723 566 758 re
586 712 771 788 raesentaruut,
789 715 885 760 etcum
903 709 982 762 Suida
998 705 1136 793 οιιιοίδιυυ,
1154 703 1224 774 ὅπερ

115 773 1177 916 ltiliittitttttttatlltttttttlt'ttlialtt”tt¹tt
1192 785 1225 898 li

113 911 249 993 proprium
267 911 316 964 sibi
334 912 421 964 iecere
438 911 535 980 posteri
552 913 711 965 Graecorum
728 913 856 996 principes
872 911 1000 968 σκιάδιον
1022 909 1226 984 ὁλομιῖργαρου,
1321 908 1332 924 ‘

117 995 170 1049 quo
188 987 358 1048 imperatores
374 981 445 1049 ipsos
461 997 640 1050 nonnunquam
659 983 790 1036 redimitos
810 1001 836 1036 ιιι
852 984 960 1054 picturis
982 989 1010 1036 et
1033 985 1224 1038 numismatibus

116 1048 277 1131 conspicias.⁸
304 1055 332 1102 et
356 1048 472 1102 diadema
495 1065 546 1103 non
572 1051 718 1105 absimiles
737 1052 906 1106 Constantino
924 1053 1053 1106 inventum
1070 1052 1097 1106 in
1113 1054 1151 1106 bis
1169 1051 1224 1105 Ce-

115 1118 190 1169 drenr
205 1117 291 1168 verbis
309 1117 458 1172 annotabis:
484 1115 553 1186 maol
579 1113 611 1172 δὲ
637 1114 725 1176 adedo
748 1121 861 1190 πρῶτον
884 1117 999 1175 naccae
1015 1121 1071 1175 cciv
1089 1118 1225 1192 βασιλέοιν

113 1181 448 1324 Ξὲῖῖιηῇςοὲῑιοιὲρήσαοθαι
463 1185 512 1242 οιαὶ
527 1187 711 1258 μαργαρίταις
725 1187 773 1243 καί
790 1181 886 1255 ἄλλοις
900 1190 995 1255 λίθοις
1011 1187 1223 1260 περιεργότερον

201 1370 255 1429 Acir
267 1369 367 1428 ecr'cdr'i
378 1388 428 1428 seu
439 1367 505 1449 pilei
518 1375 562 1428 est
576 1369 678 1448 umbo,
700 1369 746 1430 der
763 1375 856 1431 sturm.
898 1369 995 1430 Iunius
1017 1370 1123 1448 ubique
1138 1371 1224 1432 vertit

115 1452 229 1534 replum.
252 1454 335 1514 aliam
357 1455 471 1534 insuper
485 1456 628 1517 notionem
641 1455 728 1514 habet
747 1453 766 1518 c‘
786 1449 865 1536 α’ήρι
884 1457 1023 1534 significat
1041 1457 1115 1516 enim
1130 1457 1223 1516 velum

114 1559 169 1600 seu
189 1546 399 1620 tegumentum,
425 1559 483 1618 quo
507 1547 605 1600 saneta
626 1547 770 1618 teguntur.
790 1541 904 1619 liturgia
922 1543 952 1600 S.
974 1541 1183 1620 chrysostomi:
1206 1540 1224 1606 ὁ

114 1622 150 1688 δὲ
169 1621 266 1706 ἱερεύς
280 1622 354 1710 ἄρας
368 1621 422 1688 cdv
437 1620 511 1707 οἷὲρα
524 1625 678 1706 ἐπιτίθησι
691 1631 735 1711 τῷ
749 1619 895 1712 οἷρισιιρῷ
911 1623 983 1711 ci'pp
996 1633 1052 1690 euri
1066 1623 1220 1690 διακόνου.

116 1705 183 1772 εἶτα
200 1704 363 1790 discritiones
378 1707 415 1772 cci
428 1705 606 1790 καλύμματα
622 1710 641 1773 ὅ
659 1707 758 1791 [aperie
776 1705 837 1776 cirrd
857 1715 914 1774 rori
934 1711 1023 1794 οἱγίου
1044 1713 1149 1776 δίσκου
1167 1711 1221 1776 acl

113 1798 172 1858 τοῦ
188 1794 275 1878 οἱγίου
289 1797 453 1875 ποτηρίου,
473 1791 528 1858 adv
540 1792 573 1858 dd
588 1791 662 1878 οἷὲρα
675 1794 777 1876 lupicis
793 1791 854 1858 cirrd
867 1801 930 1858 reio
944 1793 1036 1877 ὤμων
1048 1803 1104 1862 τοῦ
1118 1793 1220 1862 διακό-

114 1901 174 1945 νου
184 1879 236 1944 act
252 1875 507 1962 θυμιάσαςαιίτόυ
521 1873 708 1956 ἔπισιιεπᾶζιι
724 1881 756 1944 di
772 1875 867 1945 ου’τοῦ
879 1877 916 1944 τοὶ
931 1877 1012 1965 ἅγια.

185 2003 248 2058 ibid.
284 2006 369 2057 adrem
387 2003 429 2057 bie
453 2002 591 2057 verberant
614 2007 642 2056 et
662 2009 757 2057 ventes
779 2010 920 2074 sequuntur
945 2021 1002 2058 eum
1023 2003 1151 2074 Meursio,
1174 2005 1220 2075 qni

113 2067 189 2140 οἷίρα
210 2073 346 2126 sudarium
368 2073 541 2143 liturgicum,
565 2073 632 2142 pilei
654 2074 786 2126 umbonem
810 2075 853 2126 vel
880 2075 982 2144 replum
1008 2073 1220 2144 interpretantur.
1311 2092 1316 2101 ·

113 2158 216 2194 sensum
232 2151 384 2212 assequetur
402 2143 445 2212 qui
463 2142 603 2196 doctissimi
620 2142 708 2196 Allatii
724 2149 835 2196 mentem
852 2151 985 2214 sequetur,
1006 2149 1034 2196 et
1051 2160 1085 2196 ex
1102 2161 1142 2209 eo,
1161 2143 1219 2196 mibi

114 2211 236 2266 rescribit
250 2212 310 2280 ille,
335 2212 401 2282 quod
425 2212 547 2281 despotae
563 2227 654 2265 nornen
671 2219 804 2264 exaratum
820 2213 906 2280 gerit,
930 2208 1001 2280 ἅίρα
1017 2209 1145 2265 οιιιοιὸίου
1162 2215 1219 2266 cin·

112 2281 226 2350 gotum,
243 2297 336 2334 zonam
352 2297 398 2334 seu
414 2282 508 2334 eittom
527 2282 638 2334 frontem
655 2280 771 2351 proxime
788 2281 957 2348 ambientem,
974 2283 1074 2336 referre
1091 2281 1219 2336 coniiciet.
1273 2329 1276 2337 .

113 2349 256 2416 rationem,
274 2349 295 2403 si
312 2349 425 2402 arrisura
440 2349 474 2402 sit
489 2349 611 2414 incertus,
629 2351 767 2418 proferam.
802 2354 848 2402 aet
863 2349 1003 2418 liturgicus.
1020 2351 1042 2404 oi
1062 2351 1219 2404 Germanum

114 2419 289 2490 patriarcham
305 2419 439 2472 docentem
455 2418 559 2488 audias,
585 2418 670 2470 velum
693 2418 775 2471 maius
792 2425 833 2470 est
848 2419 929 2472 sacris
946 2417 1019 2472 donis
1035 2419 1062 2470 in
1079 2419 1155 2472 altari
1173 2436 1220 2470 au-

115 2490 279 2557 perpositus‚
304 2489 409 2558 eiusque
431 2486 479 2540 alis
504 2491 532 2540 et
554 2487 666 2553 ambitu,
689 2503 737 2540 ceu
754 2491 816 2540 atre
832 2488 876 2544 vel
893 2487 999 2542 aethere
1016 2485 1086 2544 orbis
1103 2487 1220 2556 inferior,

113 2557 160 2610 illa
174 2557 370 2628 circumquaque
385 2561 521 2625 tegentem
537 2556 646 2626 parique
663 2555 762 2610 aniona
778 2555 842 2626 pilei
859 2559 908 2610 cir
925 2557 1052 2625 cingulum
1068 2562 1109 2620 est
1126 2556 1150 2608 ei
1167 2557 1218 2608 cir·

114 2627 300 2695 compositum,
324 2624 449 2695 gestantis
466 2632 542 2694 eaput
559 2631 737 2680 coronaturum
756 2626 862 2696 eiusque
878 2642 970 2680 nomen
988 2643 1035 2696 per
1052 2624 1165 2683 universi
1182 2625 1218 2680 fi-

114 2713 162 2748 nes
180 2695 373 2765 circumquaque
388 2709 552 2764 sparsurum
566 2695 681 2766 quamvis
698 2694 785 2748 eadem
802 2711 899 2748 vocer
931 2697 984 2748 lum
1002 2694 1064 2747 illud
1082 2693 1108 2747 iu
1124 2694 1219 2764 despo-

114 2770 161 2818 tae
177 2763 244 2833 pileo
261 2765 372 2817 anterius
389 2763 549 2832 prominens,
573 2770 650 2834 prout
664 2759 779 2816 icduibus
797 2763 897 2816 concilii
938 2763 1059 2818 lorentiui
1076 2769 1134 2816 aeta
1153 2781 1219 2816 uon-
1284 2792 1291 2811 .

114 2832 187 2886 nulla
210 2833 462 2902 repraesentantibus
489 2849 522 2886 aa
538 2850 585 2903 per
599 2833 680 2886 bucce
696 2849 761 2918 opus
778 2833 832 2902 (ed.
850 2833 966 2906 Luper.)
983 2833 1082 2905 sparsis
1099 2849 1133 2887 ex
1149 2833 1217 2887 anti·
1292 2884 1303 2905 ,

113 2900 174 2972 quis
189 2901 378 2972 exemplaribus
392 2903 520 2972 pingitur,
536 2902 683 2959 addubitem
698 2901 846 2972 significari.

200 3035 229 3094 p.
247 3018 286 3079 13
300 3035 326 3076 v.
342 3019 370 3080 8.
390 3011 677 3098 γρυσοκλαβυρικόυ]
697 3006 793 3076 Iunius
808 3015 896 3076 ethic
911 3023 941 3076 et
956 3016 1143 3096 alibisaepius
1155 3017 1224 3077 edit.

114 3095 389 3182 γρυσοιιλαὸιῖρικα,
411 3108 442 3162 et
463 3121 559 3161 aureas
576 3103 699 3178 virgulas
719 3103 928 3180 interpretatur.
953 3105 1005 3162 sed
1020 3102 1103 3161 lectio
1118 3108 1216 3160 nostra

113 3192 193 3246 recta
206 3188 271 3244 estr‘
281 3205 346 3246 narn
359 3187 612 3266 chrysocloooricam
622 3188 697 3246 idem
711 3194 756 3246 est
770 3189 848 3263 qnod
864 3189 1051 3266 οίιιγιοιὶουυι
1065 3207 1115 3245 seu
1133 3187 1215 3264 chry-

112 3271 289 3349 soclavatae,
308 3293 363 3332 vox
379 3271 529 3332 Anastasio
551 3271 766 3332 Bibliothecaric
783 3274 812 3331 in
835 3273 1013 3351 pontificibus
1031 3273 1115 3331 toties
1133 3293 1214 3339 usur-

114 3362 199 3436 pata3
219 3357 264 3416 vel
278 3358 302 3415 si
315 3376 391 3416 mere
403 3355 535 3416 Latinam
548 3357 698 3418 menonem
713 3358 800 3435 velis,
820 3358 974 3416 αυιίοὶαυυι
992 3375 1042 3416 seu
1060 3357 1215 3418 camelauc-

114 3450 169 3502 tuc.
191 3449 272 3502 crant
285 3443 358 3503 claui
372 3447 449 3502 curci
466 3442 630 3502 incestibus
645 3449 792 3520 segmenta
809 3441 947 3518 quaedam
965 3443 996 3504 iu
1018 3445 1137 3504 formam
1158 3443 1215 3502 cla-

113 3547 214 3587 vorum
228 3529 337 3608 efficta,
358 3535 474 3588 ornatus
488 3527 580 3607 gratia
592 3529 716 3587 vestibus
731 3529 849 3587 adiecta.

182 3649 248 3704 ibid.
282 3650 317 3704 ait
337 3649 402 3704 idem
427 3650 489 3704 licet
510 3646 764 3720 γρυσοιιλαβαριιιόυ
781 3649 848 3721 quod
868 3651 1050 3720 cbrpscclmms
1069 3649 1113 3702 vel
1136 3648 1214 3718 obry-

112 3719 277 3788 eocluoctus,
302 3738 354 3774 uox
369 3719 506 3774 Anastasio
525 3717 720 3774 Bibliothecaric
737 3719 766 3772 in
780 3721 944 3790 pontificibus
960 3719 1087 3774 multoties
1104 3733 1214 3787 usurpa-

113 3799 158 3842 tas
181 3805 237 3841 cum
262 3789 313 3842 alia
335 3796 420 3842 tamen
442 3805 513 3842 mere
537 3787 630 3843 uruca
654 3787 764 3842 dictione
788 3791 939 3844 cramelenus
957 3805 1004 3842 seu
1022 3789 1213 3850 euriclcoutos,

112 3875 177 3940 sono
195 3858 310 3978 qpamvis
323 3856 423 3941 vicina,
443 3857 534 3978 upilgam
557 3857 584 3910 in
601 3873 690 3981 sauppe
707 3858 865 3978 proprietate
875 3859 1028 3978 fsocietateulr
1047 3856 1211 3978 1⁰?chth

112 3943 265 3980 enimcum
283 3944 356 3980 curer
372 3943 458 3979 rnves
497 3943 527 3979 us
542 3944 571 3980 se
613 3943 645 3978 en
707 3943 755 3982 uae
774 3945 813 3981 am
832 3945 859 3979 ιιι
888 3943 983 3980 ormam
1002 3943 1075 3978 oceo
1151 3943 1166 3976 e
1197 3956 1211 3968 -

114 4002 177 4060 cte,
200 4003 303 4048 ornatus
327 3996 411 4064 gretia
426 3995 541 4049 vestibus
557 3941 671 4048 affictas
689 3943 953 4066 qpcocoalutiupcadv
969 4010 1033 4046 vero
1051 4009 1102 4044 non
1120 3995 1213 4046 clocc-

113 4073 173 4119 tum
190 4065 265 4118 modo
282 4065 328 4118 sed
353 4065 466 4130 varium,
489 4071 516 4118 et
539 4064 708 4134 quodcunque
729 4081 793 4135 opus
818 4073 859 4118 est
880 4065 931 4116 filis
955 4061 1039 4116 corda
1062 4062 1212 4131 phrygionis

112 4141 172 4188 arte
183 4134 210 4186 in
226 4132 340 4187 subiecto
357 4133 439 4187 serico
456 4133 499 4186 vel
533 4149 599 4186 auno
616 4134 700 4187 ductis
716 4133 859 4204 depictumr
878 4133 947 4184 uude
961 4131 1130 4216 phrygionem
1144 4149 1210 4200 χρυ·
1293 4145 1300 4150 ·

112 4199 336 4274 σουίαβαριοιήυ
360 4201 402 4255 vel
426 4217 482 4258 cuut
531 4201 665 4272 baopbane
687 4195 925 4273 γρυσοκίαβάριου
947 4195 1096 4269 (denuda,
1119 4201 1212 4269 inquit,

109 4267 196 4343 μέρος
211 4273 263 4326 τοῦ
277 4269 440 4340 ἐργοδοσίου
455 4269 511 4328 cair
526 4270 784 4341 γρυσοιιίαβαρίοιυ,
804 4272 981 4340 phrygionem
1005 4269 1129 4338 officinae
1147 4285 1212 4338 pars

110 4342 246 4396 cambonio
270 4341 323 4410 est)
344 4340 475 4396 neoterica
497 4339 612 4394 Graecia
640 4347 724 4397 vocat.
769 4341 911 4394 correctius
934 4347 1019 4394 tamea
1042 4353 1100 4392 eum
1121 4336 1213 4406 Regiis
