2942 4916
232 321 308 394 266
384 318 593 394 GRETSERI
609 319 665 386 ET
683 315 817 385 GOARI
831 315 1162 387 COMMENTARIUS

313 509 342 570 p.
353 488 394 555 57
405 505 431 548 r.
445 489 491 551 11.
514 483 652 568 palatiola]
674 475 971 563 materiatarum,
986 491 1016 548 et
1029 487 1230 568 interpretator
1243 509 1326 569 prae·

229 577 325 652 longor
340 576 493 635 bastarnae
508 578 611 645 contar,
633 591 696 649 qaor
719 573 832 629 enarras
853 578 949 631 cocant
969 571 1140 634 Macedones.
1162 575 1214 632 sed
1231 573 1327 652 legen<

228 661 299 722 dum
319 661 477 722 arlnrlnrn.
499 656 668 735 probabilius
697 660 882 714 commentum
907 658 1022 735 fuisset,
1045 660 1070 716 si
1089 659 1143 718 hoc
1164 679 1267 720 nomen
1289 661 1325 720 ab

231 739 390 807 ἀπελαύνω
407 745 583 820 deduxisset,
601 742 681 819 qnasi
701 739 798 800 hastas
813 739 960 819 abigendis
978 744 1138 804 homiuibus
1159 763 1194 804 ac
1206 746 1268 805 viae
1282 747 1326 804 fa-

228 832 477 890 ciendaeidoueas.

296 926 360 982 ibid.
392 923 533 979 naiarlma
562 923 681 984 militaria
704 925 756 995 pila
779 921 870 995 quibua
893 924 1016 978 vexillula
1046 925 1102 978 riva
1129 925 1207 980 exilia
1231 925 1325 980 vexilla

227 1001 288 1048 runt
302 996 390 1052 affixa.
410 996 474 1047 hauc
486 995 668 1064 expositionem
681 1001 771 1048 auctor
781 994 897 1064 suggerit
913 998 1037 1077 aequente
1052 993 1136 1064 cupite
1155 1014 1179 1066 p.
1198 996 1233 1077 53
1251 995 1284 1050 15
1297 1003 1327 1050 et

228 1064 369 1204 biniiass'
389 1063 434 1118 alii
451 1064 543 1154 darae·
553 1071 687 1134 argenteae
702 1070 730 1118 et
745 1080 835 1118 aureae
851 1065 1003 1136 principibus
1025 1065 1151 1134 praeferri
1167 1065 1256 1119 rohten
1276 1081 1324 1118 er-

314 1224 352 1285 ib.
372 1240 401 1284 r.
423 1224 471 1286 13.
490 1222 759 1304 cappas]·cappa'sia
776 1245 798 1298 ⁴a
819 1245 905 1305 cappa
925 1225 1049 1283 formant
1071 1222 1195 1281 iuniores
1214 1221 1323 1282 Graeci.

230 1307 377 1368 Germanis
396 1312 439 1367 cin
458 1309 575 1387 ioppen,
598 1328 650 1388 pro
670 1312 793 1388 tegmine
811 1311 917 1390 capitis.
938 1328 991 1370 uec
1009 1307 1108 1370 dubito
1127 1327 1224 1366 rocem
1237 1327 1323 1386 cappa

228 1411 281 1470 pro
303 1393 377 1473 pileo
398 1394 533 1471 originem
552 1395 652 1454 ducere
668 1395 692 1454 ‘a
710 1394 814 1456 Latino
837 1401 924 1474 capnt.
945 1395 1095 1470 aliquando
1115 1398 1214 1471 cappa'
1226 1399 1326 1452 assuta

229 1484 274 1537 est
294 1480 382 1555 vesti,
409 1485 442 1538 ut
461 1486 579 1559 apparet
598 1480 771 1540 incestibus
794 1481 969 1558 monasticis,
995 1486 1026 1539 et
1053 1479 1108 1539 toti
1127 1479 1201 1537 resti
1219 1497 1324 1538 nomen
1358 1525 1366 1538 ,

227 1563 317 1620 indit:
353 1564 507 1643 aliquando
536 1565 745 1626 arestiureuto
772 1567 913 1646 seiuncta,
947 1567 1037 1626 irrstur
1066 1564 1254 1624 communium
1280 1564 1323 1644 pi-

226 1647 341 1707 leorum.

295 1747 358 1800 ibid.
389 1745 474 1816 pilare
496 1747 597 1816 quidem
621 1753 662 1804 ert
687 1744 842 1818 καπνῒσιον,
880 1753 909 1803 at
930 1765 979 1802 uec
1007 1765 1092 1818 cappa
1127 1762 1175 1800 uec
1201 1745 1323 1809 manilio,

228 1813 274 1868 sed
294 1816 338 1885 qui
360 1831 419 1868 orac
438 1817 633 1887 circumquaque
655 1819 784 1889 expandit.
820 1818 908 1872 Simon
928 1816 1031 1872 Pontius
1054 1835 1087 1870 ex
1108 1832 1154 1868 ore
1175 1815 1325 1869 attestantia

228 1883 311 1951 vulgir
332 1884 438 1939 κακοῖσι
459 1887 576 1955 ναυσίν,
594 1882 728 1956 nicanor,
743 1887 847 1957 πίλημα
865 1896 915 1946 etc.
935 1889 1058 1957 galerus,
1080 1886 1186 1952 cauria,
1207 1892 1325 1952 permar,

224 1953 311 2075 pileus
328 1961 377 2009 ctc.
411 1955 470 2008 ride
488 1963 604 2024 petasum
625 1955 674 2010 dici
693 1957 737 2026 qui
754 1956 874 2028 expansis
886 1956 937 2010 oris
951 1957 1072 2025 praebeat
1085 1955 1255 2022 undequaque
1267 1969 1323 2005 um·

244 2038 306 2074 reru.
343 2023 483 2076 huiusmodi
500 2041 563 2077 vero
581 2026 660 2078 fuiare
676 2026 702 2078 in
721 2042 768 2078 uou
786 2025 911 2080 nonnullis
928 2025 986 2078 hino
998 2031 1068 2077 retro
1080 2023 1205 2090 saeculis,
1228 2021 1324 2075 docent

224 2091 385 2145 cardinalium
402 2092 487 2162 petoni
504 2100 531 2145 et
551 2099 654 2164 antiqua
670 2095 793 2166 pictorum
808 2097 915 2149 beroam
933 2101 1103 2148 momuueate.

308 2197 343 2255 ib.
364 2215 391 2255 v.
413 2194 462 2260 14.
483 2195 583 2256 loricas
596 2200 730 2280 κλίβανον.
751 2195 786 2264 τᾶ
803 2201 965 2282 κλίβανον,
982 2193 1156 2278 κλιβάνων,
1177 2196 1323 2273 clibanica,

222 2281 315 2343 letica.
344 2279 406 2340 Leo
421 2283 577 2344 Constitui·
599 2289 637 2348 6:
664 2285 693 2348 el
713 2283 843 2350 δυνατὸν
868 2282 901 2347 di
925 2282 975 2345 nal
995 2279 1139 2362 θώρακας
1159 2280 1252 2361 ἔχειν,
1275 2283 1323 2344 oi'-

221 2389 299 2440 τινες
310 2370 469 2429 καλοῦνται
489 2373 547 2431 νῦν
562 2363 710 2450 atratino.
736 2373 801 2432 vide
823 2369 986 2449 Rigaltium.
1024 2368 1182 2430 Alexander
1200 2369 1322 2427 Severus

221 2453 298 2530 apud
322 2451 526 2534 Lampridium:
554 2457 797 2536 cataphractorum,
826 2478 890 2537 quor
913 2455 1010 2515 Persae
1033 2456 1193 2514 clibanarios
1212 2459 1321 2527 vocant,

220 2537 306 2598 decem
320 2541 398 2598 milia
410 2544 439 2599 in
453 2540 519 2599 bello
528 2542 719 2618 interanimur,
741 2562 828 2602 corum
842 2545 924 2602 armir
940 2546 1041 2601 nortror
1060 2544 1231 2599 manaimus.
1252 2538 1323 2596 Am-

220 2623 327 2682 mianus
349 2624 368 2682 l.
394 2627 447 2686 16:
467 2630 606 2706 tparriqae
622 2629 790 2707 cataphracti
804 2631 918 2707 equita,
938 2646 1001 2705 quor
1017 2625 1176 2685 clibanarios
1191 2625 1322 2683 dictitant

222 2707 336 2784 Persae,
357 2711 495 2770 thoracum
508 2716 605 2771 muniti
619 2715 776 2789 tegminibus
796 2719 823 2772 et
837 2713 1028 2791 limbirfcrreir
1049 2714 1148 2789 cincti,
1164 2716 1197 2770 at
1212 2709 1322 2770 Pruri-

221 2793 281 2852 tclir
297 2813 376 2854 manu
385 2794 473 2873 potita
488 2796 601 2856 crederer
615 2798 778 2874 simulacra,
796 2819 846 2858 non
858 2803 937 2858 viror.

290 2916 354 2970 card.
392 2917 445 2969 Leo
464 2917 576 2970 constit.
607 2917 638 2973 52
662 2916 792 2990 κλιβάνων
816 2921 918 2989 σιδηρᾶ
943 2911 964 2988 ἦ
985 2916 1035 2973 καὶ
1060 2913 1091 2978 ἐξ
1121 2909 1217 2982 ἑτέρας
1240 2910 1316 2984 ὕλης·

222 2991 284 3038 eunt
295 2984 383 3054 itaque
401 2987 444 3038 vel
461 2987 543 3038 bellici
563 2988 695 3054 thoraces,
714 2990 757 3041 vel
774 2990 977 3058 superinduendo
992 2989 1138 3041 thoracibus
1157 3004 1233 3054 ruga,
1251 3003 1321 3054 quae

221 3047 316 3106 ἐπάνω
337 3053 455 3122 κλίβανον
471 3056 533 3108 dicit
547 3057 655 3109 Nicetar
673 3058 797 3112 Manuelir
816 3060 835 3112 l.
851 3061 876 3116 6.
911 3059 953 3112 hic
970 3064 1069 3112 vestrm
1084 3057 1201 3110 leonibua
1214 3054 1319 3125 pictam,
1362 3111 1365 3118 Δ

220 3139 271 3174 non
290 3131 456 3190 armaturam,
475 3125 581 3194 quilibet
596 3124 724 3196 intelligit.

303 3237 339 3296 ib.
360 3256 386 3296 v.
409 3238 456 3300 16.
478 3239 630 3318 cortinarii]
657 3247 759 3300 acmtc
779 3258 829 3300 seu
850 3247 941 3314 arne,
960 3261 1056 3318 mena,
1075 3236 1246 3298 tabenmcalo
1266 3255 1318 3296 seu

218 3325 343 3381 teritorio:
362 3321 500 3384 hocenim
513 3331 558 3384 ert
572 3322 671 3405 κόρκη.
693 3327 777 3385 etiem
798 3345 849 3403 pro
863 3327 975 3404 integra
995 3326 1060 3384 aula
1078 3323 1254 3401 imperatoris
1267 3328 1320 3382 aut

217 3407 293 3483 regis
314 3408 463 3485 accipitur,
484 3430 543 3469 non
560 3417 673 3470 tantmn
693 3431 746 3491 pro
771 3430 854 3470 scena
874 3432 926 3470 seu
948 3412 1079 3470 tentorio.
1105 3410 1171 3467 hinc
1196 3412 1317 3483 catena,

215 3491 306 3552 aulica
319 3493 471 3553 urbanitas.
492 3498 629 3556 cortcrircb
642 3497 745 3573 aulice,
765 3497 880 3557 urbane.
901 3498 930 3555 iu
946 3497 1054 3575 legibus
1070 3493 1258 3554 Alemannicis
1273 3499 1318 3552 est

216 3577 315 3637 titulus
329 3579 398 3638 dcco
408 3585 456 3659 qai
468 3583 497 3640 in
510 3588 582 3640 carte
594 3586 666 3659 rogia
679 3583 787 3662 furtum
797 3585 965 3656 commiserit,
987 3588 1017 3641 et
1033 3582 1065 3640 dc
1081 3601 1110 3640 eo
1130 3583 1178 3660 qai
1193 3583 1222 3638 in
1244 3586 1317 3638 carte

217 3664 293 3722 claris
314 3665 440 3726 bominem
457 3667 588 3725 occiderit.
617 3668 756 3744 significat
777 3669 863 3727 etiam
883 3667 991 3745 villam,
1011 3671 1148 3742 castrum,
1171 3664 1315 3743 oppidum.

213 3747 407 3811 Flodoardus:
429 3752 537 3830 padam
547 3754 684 3832 presbyter
693 3753 726 3812 m
735 3752 853 3812 Boaonir
865 3759 954 3812 curte:
974 3756 1014 3811 ric
1027 3755 1094 3810 enim
1110 3751 1180 3809 oilla
1195 3752 1316 3808 oocamr.

215 3831 386 3895 Gadeiridus
406 3837 558 3896 monachus
578 3838 607 3896 in
628 3836 800 3897 Annalibus:
821 3843 850 3897 in
868 3839 985 3917 modom
1002 3842 1073 3898 curti
1089 3835 1271 3894 monachornm
1283 3833 1315 3892 de

214 3917 307 3979 Euerc
331 3922 426 3982 totana
458 3923 488 3981 in
509 3922 662 4000 diplomate
684 3921 833 3983 Ludorici:
863 3927 960 3982 curtim
980 3929 1098 3982 noctram
1125 3919 1263 3998 Turcgum
1285 3922 1315 3978 in

215 4003 317 4063 ducatu
330 4007 517 4080 Alamaanr'c03
538 4008 588 4066 ubi
601 4007 705 4066 clarum
717 4028 770 4086 pro
775 4027 850 4086 pago
859 4007 903 4067 vel
918 4008 1012 4088 oppido
1027 4006 1163 4087 usurpari.

284 4126 349 4181 ibid.
366 4126 552 4200 nominarim]
569 4129 673 4201 quinam
686 4129 753 4198 aiut,
766 4134 862 4216 *auctor
878 4129 986 4201 exponit
1000 4131 1116 4185 interius.

205 4241 207 4246 ’
301 4242 376 4300 Sunt
398 4250 430 4303 et
457 4245 631 4327 κορτελλνοι.
663 4263 731 4303 care
755 4245 911 4306 confundas
932 4266 996 4306 cum
1021 4245 1192 4324 cortinariis,
1219 4249 1313 4304 mouet

168 4381 171 4390 ,
216 4321 405 4408 Glossarium,
433 4329 499 4407 quia
526 4329 758 4394 atramentum
776 4349 878 4393 munuc
900 4332 1038 4411 obibant,
1053 4331 1093 4390 illi
1113 4331 1175 4391 vile.
1196 4330 1314 4390 Glossae
