2968 4924
470 353 514 422 IN
541 353 690 422 οουιαι
712 356 795 423 οιε.
817 355 844 426 1.
867 332 871 338 ’
1137 361 1207 431 115

109 512 191 588 λέγων
211 515 437 584 λειτουργοῦντος
452 516 504 570 τού
521 513 697 603 πατριάρηου
714 511 746 576 τδ
763 518 868 587 στῶμεν
884 519 990 584 καλάς·
1059 518 1075 576 5
1096 513 1142 576 έπλ
1152 523 1207 578 τῶν

107 584 233 656 γονάτων
252 581 380 654 φορένων
396 586 440 658 ’σφ’
455 582 613 656 πατριάργη
631 605 663 640 το
682 585 868 656 ἐπιγονάτιον.

172 654 253 723 τρίτη
275 649 387 716 πεντάς.
455 647 471 708 5
490 649 705 724 ὑπομιμνήσκων
728 648 960 726 άσγολούμενος*)
985 657 1028 730 τῷ
1050 653 1208 728 πατριάργη

107 717 137 778 έν
152 724 187 794 τῇ
205 723 362 796 λειτουργίᾳ
379 716 431 786 τάς
447 718 530 793 εύγάς
547 719 620 776 καθ’
641 717 759 793 έκάστην
778 721 1009 795 ὑπομιμνήσκων·
1079 724 1095 781 ὃ
1116 724 1208 796 βήτωρ

107 790 222 862 γράφων
239 789 338 861 λόγους
355 787 570 856 διδασκαλικούς
585 788 643 845 άπὸ
661 789 812 860 προσώπου
827 798 879 848 τού
895 789 1060 863 ἀρχιερέως·
1130 792 1145 849 5
1166 796 1209 850 δι-

107 859 245 922 δάσκαλος
260 861 312 914 τού
329 855 501 928 εύαγγελίου·
570 857 586 916 δ
604 859 773 926 διδάσκαλος
786 864 837 918 τού
848 860 1024 919 άποστόλου·
1093 857 1109 918 5
1129 860 1210 918 διδά-

108 931 434 1000 σκαλοςτούφαλτῆρος.
670 969 675 979 .

173 995 293 1068 τετάρτη
304 995 407 1060 πεντάς
417 998 472 1052 τάν
484 994 567 1066 ίεροῑν
585 993 741 1067 άργύντων.
811 993 828 1052 5
841 995 935 1068 άρχων
946 1000 1002 1053 τάν
1019 1000 1211 1068 μοναστηρίων

109 1064 177 1137 έγων
188 1063 242 1138 τήν
254 1062 354 1156 ένογήν
364 1069 420 1120 τοῖν
431 1067 622 1137 μοναστηρίων
633 1065 702 1137 μετά
714 1071 877 1137 προτροπῆς
888 1069 940 1124 τού
948 1065 1068 1137 μεγάλου
1079 1073 1210 1123 σακελλα-

109 1139 185 1204 ρίου·
257 1131 273 1189 5
292 1155 386 1206 αργων
401 1137 458 1190 τῶν
475 1131 625 1206 ἐκκλησιῶν
643 1133 713 1205 ἔχων
729 1132 782 1206 τήν
798 1131 899 1208 ίνογήν
916 1139 971 1191 τῶν
990 1139 1152 1190 καδολιιιῶν
1166 1132 1209 1191 έκ-

108 1206 225 1276 κλησιῶν
235 1202 318 1327 γιετά
341 1207 504 1290 προτροπής
526 1205 578 1258 τού
601 1206 760 1260 σακελλίου·
831 1201 965 1275 δάργων
988 1207 1039 1258 τού
1053 1201 1211 1275 εὐαγγελίου
1274 1237 1277 1250 ·

109 1275 216 1342 κρατῶν
249 1293 267 1327 ν
283 1277 346 1336 ταῖς
357 1279 445 1336 λιταῖς
461 1293 493 1328 το
512 1270 685 1343 εὐαγγέλιον·
754 1269 771 1327 5
786 1270 880 1345 άργων
891 1277 948 1330 τῶν
960 1271 1061 1344 φοίτων
1074 1271 1211 1343 άναδεγύ-

108 1363 187 1414 μενος
204 1339 272 1405 τούς
291 1340 331 1405 είς
349 1337 381 1396 τύ
403 1340 542 1414 βάπτισμα
560 1339 819 1412 εύτρεπιζομένονς,
838 1339 937 1406 διδούς
947 1342 994 1398 καί
1007 1338 1041 1396 τά
1054 1343 1138 1411 κηρία
1152 1351 1212 1406 τοῖς

109 1416 251 1482 αληρικοίς
275 1405 306 1464 έν
329 1415 391 1474 ταῖς
411 1413 588 1474 δεσποτικαῖς
611 1407 736 1479 έορταίς·
807 1409 822 1466 5
845 1407 939 1482 άργων
959 1413 1015 1468 τιόν
1033 1407 1211 1482 άντιμινσίων

110 1477 204 1544 διδούς
215 1477 251 1534 τά
265 1476 420 1548 άντιμίνσια
432 1477 468 1536 δι’
482 1471 520 1533 ὦν
532 1483 733 1546 καδιεροῦνται
747 1476 777 1534 οί
787 1483 864 1535 θεῖοι
874 1482 949 1536 ναοί.

174 1547 287 1618 πέμπτη
299 1547 409 1612 πεντάς.
478 1544 767 1619 δύστιάριοςκρατιλν
784 1546 836 1618 τήν
854 1547 988 1620 λαμπάδα
1004 1549 1056 1602 τού
1073 1546 1211 1618 πατριάρ-

110 1637 159 1690 γου
170 1619 217 1673 καλ
230 1613 262 1672 έν
273 1623 335 1680 ταῖς
346 1616 455 1688 φήφοις
472 1613 524 1680 τάς
539 1616 647 1685 θύρας·
717 1616 733 1673 5
751 1617 924 1688 νουμοδύτης
942 1614 1039 1681 διδούς
1056 1613 1092 1672 τά
1109 1616 1213 1704 νούμια

110 1693 168 1752 τοίς
187 1691 331 1755 αληριιιοίς
346 1688 394 1742 καί
412 1693 473 1749 τοίς
494 1684 622 1756 πένησιν·
691 1683 707 1742 5
724 1691 934 1755 πρωτοπαπάς·
1003 1684 1018 1741 5
1040 1687 1211 1756 δευτερευων

111 1760 165 1812 τῶν
180 1754 278 1825 ἷερέων
293 1753 342 1809 καὶ
359 1752 374 1809 5
391 1754 560 1826 δευτερεύων
575 1758 631 1810 τῶν
645 1755 794 1812 διακόνων.

177 1821 405 1894 δπριμμιιιήριος
421 1829 476 1880 τῶν
491 1825 629 1892 νοταρίων
646 1823 737 1879 καλοί
753 1821 895 1894 νοτάριοι,
963 1820 979 1881 5
1000 1818 1186 1893 δομέστικος,’

113 1891 127 1949 5
146 1892 352 1964 λαοσυνάκτης,
421 1891 436 1949 5
454 1893 649 1964 πριμμικήριος
672 1897 727 1950 τῶν
750 1891 949 1964 άναγνωστῶν,
1015 1889 1030 1946 5
1052 1889 1087 1961 άρ
1107 1895 1214 1948 ωντύν

113 1966 282 2031 κοντακίων,
351 1953 441 2018 δίπλ
462 1965 513 2031 τής
530 1958 672 2032 εύταξίας,
740 1959 938 2032 δδομέστικος
953 1911 1147 2032 τούσεκρέτου
1163 1963 1213 2018 κοιλ

115 2027 144 2086 οί
157 2029 382 2112 ἐπιοκοπειανοί,
450 2030 467 2087 5
480 2031 674 2104 πριμμικήριος
683 2033 739 2088 τάν
750 2029 928 2106 ίξκουβίτων.

308 2204 372 2276 (ΙΙ)
407 2205 471 2260 Ex
497 2203 682 2260 lISDEM
709 2205 890 2260 REGIIS
919 2205 1022 2261 Mss,

183 2319 270 2390 Τάξις
285 2325 341 2378 τάν
360 2318 502 2394 ύφφικίων
518 2327 569 2396 τῆς
585 2324 737 2412 ἐκκλησίας.
819 2319 835 2376 5
855 2319 939 2392 μέγας
955 2318 1105 2392 οἰκονόμος
1120 2324 1222 2389 κρατεῖ

115 2393 163 2462 τῆς
176 2391 320 2464 ἐκκλησίας
334 2391 369 2448 τά
387 2393 524 2465 κτήματα,
593 2391 608 2449 5
627 2413 711 2464 μεγας
727 2390 906 2460 σακελλάριος
922 2386 959 2445 τά
976 2397 1119 2462 γυναικεία
1129 2410 1217 2460 μονα-

115 2461 227 2533 στήρια,
297 2459 313 2516 δ
337 2463 422 2533 μέγας
443 2461 618 2532 σκευοφύλαξ
644 2461 680 2519 τά
697 2460 781 2532 σκεύη
798 2460 847 2514 καὶ
862 2457 899 2514 τά
917 2457 980 2528 ἱερά
997 2459 1090 2515 πάντα
1106 2462 1157 2529 τῆς
1173 2455 1218 2514 ἐκ·

115 2533 234 2600 κλησίας.
307 2526 324 2585 5
350 2531 434 2603 μέγας
455 2529 634 2603 γαρτοφύλαξ
660 2531 700 2596 είς
716 2529 749 2586 τὸ
766 2525 891 2599 μετάξειν
908 2530 957 2582 καὶ
973 2527 1014 2592 είς
1031 2525 1083 2591 τοὶς
1098 2531 1216 2614 σημειού-ι

115 2617 176 2662 σεις.
246 2595 263 2656 5
289 2602 433 2656 σοικελλίου
454 2608 556 2664 κρατεῖ
575 2597 627 2671 τήν
650 2599 795 2670 σακέλλην.
867 2594 883 2652 5
909 2596 1099 2666 πρωτέκδικος
1121 2597 1161 2660 είς
1184 2617 1218 2654 το

115 2663 229 2739 άντιλαμ
250 2667 370 2724 άνεσδαι
386 2672 442 2724 τῶν
460 2669 650 2742 αἰχμαλώτων.
719 2667 735 2724 5
753 2663 979 2744 πρωτονοτάριος
995 2663 1073 2732 θύρα
1084 2669 1139 2722 τῶν
1151 2665 1216 2734 ἐξω-

115 2743 298 2794 ιιατακοιλων.
370 2735 385 2797 5
417 2737 571 2810 λογοθέτης
599 2741 639 2803 είς
666 2734 699 2794 τδ
728 2741 914 2806 λογογραφεῖν
943 2733 994 2800 τάς
1016 2729 1130 2806 ἑορτάν,
1199 2733 1215 2791 ⁰⁸

116 2809 305 2876 κανστρίνσιος
322 2805 362 2872 είς
378 2804 411 2863 τδ
428 2808 559 2879 κανστρλν
575 2810 624 2864 καί
642 2807 682 2872 είς
697 2804 731 2862 τδ
748 2803 893 2862 άλλάσσειν
909 2800 960 2859 τδν
985 2801 1132 2874 άργιερέα,
1201 2803 1216 2858 5

117 2872 330 2945 ὁεφερενδάριος
347 2875 386 2940 είς
402 2873 435 2932 τὸ
447 2875 666 2934 άποστέλλεσθαι
685 2876 725 2940 είς
739 2873 791 2931 τύν
811 2870 924 2946 βασιλέα
937 2871 973 2928 δι’
987 2869 1149 2941 ὑποδέσεις,

117 2943 132 3000 5
149 2942 443 3016 ύπομνηματογράφος
459 2945 499 3010 είς
522 2944 555 3002 τδ
580 2944 756 3016 ὑπογράφειν
777 2941 813 3000 τά
834 2939 1040 3014 ὑπομνήματα,
1110 2940 1126 2996 5
1145 2939 1219 3012 ίερον

117 3013 229 3085 μνήμων
258 3014 298 3077 είς
321 3012 354 3070 τό
382 3013 492 3086 βλέπειν
515 3011 567 3079 τάς
589 3012 672 3086 εύγάς
696 3012 832 3070 ὄπισθεν·
867 3018 968 3081 κρατεῖ
989 3013 1038 3067 καὶ
1061 3007 1092 3067 τδ
1117 3009 1219 3066 κοντά-

23 3133 24 3140 ,
118 3103 178 3139 κιον
195 3083 245 3139 καὶ
263 3080 313 3138 τὸν
329 3082 438 3154 κήδικα
461 3086 517 3139 τοῖν
532 3087 725 3170 Γγειροτονιοόν.
796 3075 876 3136 δέπλ
893 3083 949 3135 τοῖιν
966 3079 1092 3150 γονάτων
1108 3082 1221 3154 κρημνᾷ

118 3149 150 3207 τό
167 3148 344 3222 έπιγονάτιον
361 3156 412 3207 τού
428 3150 586 3224 άργιερεως.
692 3150 707 3208 5
724 3150 893 3213 διδάσκαλος
915 3152 966 3204 τού
991 3145 1041 3204 εύα
1059 3152 1168 3220 γελίου,
1192 3148 1222 3206 εί

119 3219 278 3292 ἐπίσταται,
303 3216 445 3292 έρμηνεύει
462 3225 639 3293 δημηγορῶν,
711 3219 725 3276 5
746 3217 950 3290 έπιμιμνήσκοιν
967 3218 1007 3280 είς
1024 3171 1058 3274 τύ
1075 3215 1220 3288 ῥυθμίζειν

119 3287 168 3345 τδν
185 3287 316 3360 άργιερέα
334 3293 478 3360 μυστικῶς.
549 3288 564 3346 5
583 3289 630 3348 έπλ
653 3289 773 3361 δεήσεων
797 3287 946 3358 άπέργεται
973 3286 1012 3350 είς
1034 3284 1083 3343 τὸν
1105 3287 1220 3360 βασιλέα

120 3356 264 3430 ύπέρτῶν
280 3356 482 3430 ἀδικουμένων.
552 3358 567 3417 5
588 3359 682 3432 άργων
699 3363 754 3416 τῶν
771 3359 963 3428 μοναοτηρίων
986 3354 1035 3409 καὶ
1052 3359 1108 3412 τῶν
1124 3352 1222 3424 ἐκκλη-

121 3431 185 3484 σιῶν
202 3429 243 3491 είς
258 3426 294 3482 τά
311 3426 426 3502 άνδριβα
442 3428 634 3500 μονοιστήρια,
702 3425 782 3484 δέπί
799 3423 935 3494 σεκρέτων
952 3421 992 3488 είς
1009 3421 1040 3480 τὸ
1058 3423 1158 3480 παύειν
1169 3423 1222 3480 τόν
1271 3437 1274 3440 “

122 3494 189 3553 λαδν
206 3497 246 3561 είς
265 3494 297 3552 τὸ
315 3498 435 3568 κρίνειν,’
504 3495 519 3551 5
544 3495 590 3555 έπὶ
614 3497 692 3566 ίεράς
713 3493 907 3556 καταστάσεως
922 3492 962 3556 εἰς
979 3490 1011 3548 τδ
1029 3499 1121 3548 ποιεῖν
1139 3490 1220 3548 εύτα·

122 3567 199 3635 ξίαν,
269 3564 285 3620 5
310 3563 401 3636 ρ’ήτωρ
425 3564 465 3630 είς
487 3564 519 3623 τὸ
544 3565 712 3639 ῥητορεύειν.
781 3561 796 3621 5
821 3559 960 3630 ὄστιάριος
980 3567 1082 3631 κρατεῖ
1102 3561 1142 3626 είς
1169 3558 1220 3648 τάς

122 3639 293 3705 γειροτονίας
319 3632 375 3699 τάς.
394 3634 496 3704 θύρας.
566 3634 596 3692 οί
622 3634 787 3690 διδάσκαλοι
817 3636 869 3687 τοῦ
898 3635 1042 3700 φαλτήρος
1070 3628 1133 3685 δύο.
1203 3649 1219 3683 ο

122 3705 314 3774 πρωτοπαποῒς
343 3704 451 3768 ἔκδικος
474 3707 530 3762 τῶν
552 3707 678 3775 κρίσεων.
752 3701 769 3757 5
795 3699 962 3770 δευτερεύων
992 3696 1127 3783 είυοβεύει
1154 3695 1222 3761 τούς
1293 3753 1297 3758 ,

124 3769 217 3843 ἱερεῖς,
234 3769 285 3830 έοὶν
301 3769 352 3828 ούκ
372 3772 412 3829 ένι
428 3777 637 3844 πρωτοπαπάς,
654 3771 702 3830 καί
719 3769 798 3843 άργει
814 3773 870 3826 τῶν
888 3767 984 3839 ἱερέων
1001 3765 1060 3824 άπο
1077 3769 1129 3821 τού
1146 3786 1221 3834 πρω

122 3843 246 3898 τοπαπά.
315 3840 346 3896 ot
370 3842 422 3896 δύο
447 3864 518 3913 κατη
536 3845 601 3912 ηταί
627 3842 667 3906 είς
682 3840 714 3898 τύ
732 3841 887 3910 κατηγίζειν
904 3831 1217 3923 τούςιβαπτιζφμένους.

180 3908 195 3967 5
208 3909 303 3980 άργων
314 3913 371 3965 τῶν
383 3909 483 3980 φοίτων
496 3864 599 3984 είδάγει
611 3908 677 3974 τούς
690 3913 901 3980 νεοφωτίστους.
971 3926 987 3961 ο
1000 3904 1156 3990 νομοδφτης
1167 3903 1195 3960 εί
1209 3931 1222 3948 -
1270 3923 1272 3928 ’

125 3977 184 4050 άγεε
200 3980 266 4045 τούς
281 3976 448 4051 ἐρχομένους
461 3979 501 4045 είς
517 3979 569 4053 τήν
587 3979 671 4053 άγίαν
686 3979 851 4050 μετάληψιν.
923 3972 939 4030 5
957 3991 1154 4042 πριμμικηῼῑῡε
1165 3975 1221 4028 τῶν

124 4052 328 4122 πατριαργικύν
343 4051 491 4118 νοταρίων.
562 4047 592 4106 ot
607 4049 659 4106 δύο
676 4047 834 4120 δομέστικοι
852 4047 902 4115 τῆς
917 4041 1027 4112 πρώτης
1037 4041 1086 4096 καὶ
1097 4043 1146 4111 τῆς
1157 4043 1221 4097 δέῡ*

125 4115 207 4186 τέρας
223 4121 302 4187 (adde
325 4120 530 4190 γοροστασίας).
600 4117 616 4176 5
639 4115 837 4188 λαοσυνάκτης.
907 4110 923 4167 5
950 4106 1144 4182 πριμμικύριοε
1165 4114 1222 4167 τόν

125 4181 316 4257 άναγνωστάν.
385 4185 580 4260 δδομέοτιιιος
591 4191 645 4245 τοῦ
661 4185 798 4261 άμβωνος.
1313 4189 1318 4200 '

193 4359 220 4426 *)
240 4355 455 4434 ασγολουμένφλ
